{"timestamp":"2026-04-27T15:38:16.621Z","timestampMs":1777304296621,"source":"coinbase","transport":"rest","productId":"BTC-USD","bestBid":77012,"bestAsk":77012.99,"bestBidSize":0.03072091,"bestAskSize":0.20546587,"midPrice":77012.495,"spread":0.9900000000052387,"spreadBps":0.12855056832079506,"bids":[[77012,0.03072091]],"asks":[[77012.99,0.20546587]]}
{"timestamp":"2026-04-27T15:38:17.981Z","timestampMs":1777304297981,"source":"coinbase","transport":"rest","productId":"BTC-USD","bestBid":77003.53,"bestAsk":77003.54,"bestBidSize":0.03896964,"bestAskSize":0.27383767,"midPrice":77003.535,"spread":0.00999999999476131,"spreadBps":0.00129864167856207,"bids":[[77003.53,0.03896964]],"asks":[[77003.54,0.27383767]]}
{"timestamp":"2026-04-27T15:38:19.040Z","timestampMs":1777304299040,"source":"coinbase","transport":"rest","productId":"BTC-USD","bestBid":77003.53,"bestAsk":77003.54,"bestBidSize":0.03896964,"bestAskSize":0.27383767,"midPrice":77003.535,"spread":0.00999999999476131,"spreadBps":0.00129864167856207,"bids":[[77003.53,0.03896964]],"asks":[[77003.54,0.27383767]]}
{"timestamp":"2026-04-27T15:38:20.073Z","timestampMs":1777304300073,"source":"coinbase","transport":"rest","productId":"BTC-USD","bestBid":77014.43,"bestAsk":77014.94,"bestBidSize":0.10204373,"bestAskSize":0.00032461,"midPrice":77014.685,"spread":0.5100000000093132,"spreadBps":0.06622113691814921,"bids":[[77014.43,0.10204373]],"asks":[[77014.94,0.00032461]]}
{"timestamp":"2026-04-27T15:38:21.135Z","timestampMs":1777304301135,"source":"coinbase","transport":"rest","productId":"BTC-USD","bestBid":77014.43,"bestAsk":77014.94,"bestBidSize":0.10204373,"bestAskSize":0.00032461,"midPrice":77014.685,"spread":0.5100000000093132,"spreadBps":0.06622113691814921,"bids":[[77014.43,0.10204373]],"asks":[[77014.94,0.00032461]]}
{"timestamp":"2026-04-27T15:38:22.176Z","timestampMs":1777304302176,"source":"coinbase","transport":"rest","productId":"BTC-USD","bestBid":77022.71,"bestAsk":77022.72,"bestBidSize":0.03898453,"bestAskSize":0.2621384,"midPrice":77022.715,"spread":0.00999999999476131,"spreadBps":0.0012983182941241828,"bids":[[77022.71,0.03898453]],"asks":[[77022.72,0.2621384]]}
{"timestamp":"2026-04-27T15:38:23.281Z","timestampMs":1777304303281,"source":"coinbase","transport":"rest","productId":"BTC-USD","bestBid":77022.71,"bestAsk":77022.72,"bestBidSize":0.03898453,"bestAskSize":0.2621384,"midPrice":77022.715,"spread":0.00999999999476131,"spreadBps":0.0012983182941241828,"bids":[[77022.71,0.03898453]],"asks":[[77022.72,0.2621384]]}
{"timestamp":"2026-04-27T15:38:24.327Z","timestampMs":1777304304327,"source":"coinbase","transport":"rest","productId":"BTC-USD","bestBid":77019.95,"bestAsk":77019.96,"bestBidSize":0.03895061,"bestAskSize":0.20419486,"midPrice":77019.955,"spread":0.010000000009313226,"spreadBps":0.0012983648210795795,"bids":[[77019.95,0.03895061]],"asks":[[77019.96,0.20419486]]}
{"timestamp":"2026-04-27T15:38:25.383Z","timestampMs":1777304305383,"source":"coinbase","transport":"rest","productId":"BTC-USD","bestBid":77019.95,"bestAsk":77019.96,"bestBidSize":0.03895061,"bestAskSize":0.20419486,"midPrice":77019.955,"spread":0.010000000009313226,"spreadBps":0.0012983648210795795,"bids":[[77019.95,0.03895061]],"asks":[[77019.96,0.20419486]]}
{"timestamp":"2026-04-27T15:38:26.416Z","timestampMs":1777304306416,"source":"coinbase","transport":"rest","productId":"BTC-USD","bestBid":77022.65,"bestAsk":77022.66,"bestBidSize":0.00007571,"bestAskSize":0.20538875,"midPrice":77022.655,"spread":0.010000000009313226,"spreadBps":0.0012983193073925104,"bids":[[77022.65,0.00007571]],"asks":[[77022.66,0.20538875]]}
{"timestamp":"2026-04-27T15:38:27.465Z","timestampMs":1777304307465,"source":"coinbase","transport":"rest","productId":"BTC-USD","bestBid":77022.65,"bestAsk":77022.66,"bestBidSize":0.00007571,"bestAskSize":0.20538875,"midPrice":77022.655,"spread":0.010000000009313226,"spreadBps":0.0012983193073925104,"bids":[[77022.65,0.00007571]],"asks":[[77022.66,0.20538875]]}
{"timestamp":"2026-04-27T15:38:28.495Z","timestampMs":1777304308495,"source":"coinbase","transport":"rest","productId":"BTC-USD","bestBid":77019.94,"bestAsk":77019.95,"bestBidSize":0.00044192,"bestAskSize":0.02514896,"midPrice":77019.945,"spread":0.00999999999476131,"spreadBps":0.0012983649877653521,"bids":[[77019.94,0.00044192]],"asks":[[77019.95,0.02514896]]}
{"timestamp":"2026-04-27T15:38:29.663Z","timestampMs":1777304309663,"source":"coinbase","transport":"rest","productId":"BTC-USD","bestBid":77019.94,"bestAsk":77019.95,"bestBidSize":0.00044192,"bestAskSize":0.02514896,"midPrice":77019.945,"spread":0.00999999999476131,"spreadBps":0.0012983649877653521,"bids":[[77019.94,0.00044192]],"asks":[[77019.95,0.02514896]]}
{"timestamp":"2026-04-27T15:38:30.693Z","timestampMs":1777304310693,"source":"coinbase","transport":"rest","productId":"BTC-USD","bestBid":77018.1,"bestAsk":77018.11,"bestBidSize":1.00029756,"bestAskSize":0.23046587,"midPrice":77018.10500000001,"spread":0.00999999999476131,"spreadBps":0.0012983960063366023,"bids":[[77018.1,1.00029756]],"asks":[[77018.11,0.23046587]]}
{"timestamp":"2026-04-27T15:38:31.874Z","timestampMs":1777304311874,"source":"coinbase","transport":"rest","productId":"BTC-USD","bestBid":77018.1,"bestAsk":77018.11,"bestBidSize":1.00029756,"bestAskSize":0.23046587,"midPrice":77018.10500000001,"spread":0.00999999999476131,"spreadBps":0.0012983960063366023,"bids":[[77018.1,1.00029756]],"asks":[[77018.11,0.23046587]]}
{"timestamp":"2026-04-27T15:38:32.905Z","timestampMs":1777304312905,"source":"coinbase","transport":"rest","productId":"BTC-USD","bestBid":77020.08,"bestAsk":77020.09,"bestBidSize":7.8e-7,"bestAskSize":0.23818767,"midPrice":77020.08499999999,"spread":0.00999999999476131,"spreadBps":0.0012983626277173431,"bids":[[77020.08,7.8e-7]],"asks":[[77020.09,0.23818767]]}
{"timestamp":"2026-04-27T15:38:34.088Z","timestampMs":1777304314088,"source":"coinbase","transport":"rest","productId":"BTC-USD","bestBid":77020.08,"bestAsk":77020.09,"bestBidSize":7.8e-7,"bestAskSize":0.23818767,"midPrice":77020.08499999999,"spread":0.00999999999476131,"spreadBps":0.0012983626277173431,"bids":[[77020.08,7.8e-7]],"asks":[[77020.09,0.23818767]]}
{"timestamp":"2026-04-27T15:38:35.119Z","timestampMs":1777304315119,"source":"coinbase","transport":"rest","productId":"BTC-USD","bestBid":77020.61,"bestAsk":77020.62,"bestBidSize":0.00005264,"bestAskSize":0.27455864,"midPrice":77020.61499999999,"spread":0.00999999999476131,"spreadBps":0.0012983536933275995,"bids":[[77020.61,0.00005264]],"asks":[[77020.62,0.27455864]]}
{"timestamp":"2026-04-27T15:38:36.292Z","timestampMs":1777304316292,"source":"coinbase","transport":"rest","productId":"BTC-USD","bestBid":77020.61,"bestAsk":77020.62,"bestBidSize":0.00005264,"bestAskSize":0.27455864,"midPrice":77020.61499999999,"spread":0.00999999999476131,"spreadBps":0.0012983536933275995,"bids":[[77020.61,0.00005264]],"asks":[[77020.62,0.27455864]]}
{"timestamp":"2026-04-27T15:38:37.334Z","timestampMs":1777304317334,"source":"coinbase","transport":"rest","productId":"BTC-USD","bestBid":77011.2,"bestAsk":77011.21,"bestBidSize":0.00003212,"bestAskSize":0.08575679,"midPrice":77011.205,"spread":0.010000000009313226,"spreadBps":0.0012985123410694881,"bids":[[77011.2,0.00003212]],"asks":[[77011.21,0.08575679]]}
{"timestamp":"2026-04-27T15:38:38.502Z","timestampMs":1777304318502,"source":"coinbase","transport":"rest","productId":"BTC-USD","bestBid":77011.2,"bestAsk":77011.21,"bestBidSize":0.00003212,"bestAskSize":0.08575679,"midPrice":77011.205,"spread":0.010000000009313226,"spreadBps":0.0012985123410694881,"bids":[[77011.2,0.00003212]],"asks":[[77011.21,0.08575679]]}
{"timestamp":"2026-04-27T15:38:39.538Z","timestampMs":1777304319538,"source":"coinbase","transport":"rest","productId":"BTC-USD","bestBid":77013.85,"bestAsk":77013.86,"bestBidSize":0.00029067,"bestAskSize":0.24111648,"midPrice":77013.85500000001,"spread":0.00999999999476131,"spreadBps":0.0012984676581585624,"bids":[[77013.85,0.00029067]],"asks":[[77013.86,0.24111648]]}
{"timestamp":"2026-04-27T15:38:40.667Z","timestampMs":1777304320667,"source":"coinbase","transport":"rest","productId":"BTC-USD","bestBid":77013.85,"bestAsk":77013.86,"bestBidSize":0.00029067,"bestAskSize":0.24111648,"midPrice":77013.85500000001,"spread":0.00999999999476131,"spreadBps":0.0012984676581585624,"bids":[[77013.85,0.00029067]],"asks":[[77013.86,0.24111648]]}
{"timestamp":"2026-04-27T15:38:41.707Z","timestampMs":1777304321707,"source":"coinbase","transport":"rest","productId":"BTC-USD","bestBid":77015.46,"bestAsk":77015.47,"bestBidSize":0.0246,"bestAskSize":0.20559571,"midPrice":77015.465,"spread":0.00999999999476131,"spreadBps":0.0012984405138320352,"bids":[[77015.46,0.0246]],"asks":[[77015.47,0.20559571]]}
{"timestamp":"2026-04-27T15:38:42.867Z","timestampMs":1777304322867,"source":"coinbase","transport":"rest","productId":"BTC-USD","bestBid":77015.46,"bestAsk":77015.47,"bestBidSize":0.0246,"bestAskSize":0.20559571,"midPrice":77015.465,"spread":0.00999999999476131,"spreadBps":0.0012984405138320352,"bids":[[77015.46,0.0246]],"asks":[[77015.47,0.20559571]]}
{"timestamp":"2026-04-27T15:38:43.896Z","timestampMs":1777304323896,"source":"coinbase","transport":"rest","productId":"BTC-USD","bestBid":77023.01,"bestAsk":77023.99,"bestBidSize":0.00001704,"bestAskSize":0.20546587,"midPrice":77023.5,"spread":0.9800000000104774,"spreadBps":0.12723389614993832,"bids":[[77023.01,0.00001704]],"asks":[[77023.99,0.20546587]]}
{"timestamp":"2026-04-27T15:38:45.025Z","timestampMs":1777304325025,"source":"coinbase","transport":"rest","productId":"BTC-USD","bestBid":77023.01,"bestAsk":77023.99,"bestBidSize":0.00001704,"bestAskSize":0.20546587,"midPrice":77023.5,"spread":0.9800000000104774,"spreadBps":0.12723389614993832,"bids":[[77023.01,0.00001704]],"asks":[[77023.99,0.20546587]]}
{"timestamp":"2026-04-27T15:38:46.054Z","timestampMs":1777304326054,"source":"coinbase","transport":"rest","productId":"BTC-USD","bestBid":77022.14,"bestAsk":77022.15,"bestBidSize":0.05673348,"bestAskSize":0.20440133,"midPrice":77022.14499999999,"spread":0.00999999999476131,"spreadBps":0.0012983279022885316,"bids":[[77022.14,0.05673348]],"asks":[[77022.15,0.20440133]]}
{"timestamp":"2026-04-27T15:38:47.167Z","timestampMs":1777304327167,"source":"coinbase","transport":"rest","productId":"BTC-USD","bestBid":77022.14,"bestAsk":77022.15,"bestBidSize":0.05673348,"bestAskSize":0.20440133,"midPrice":77022.14499999999,"spread":0.00999999999476131,"spreadBps":0.0012983279022885316,"bids":[[77022.14,0.05673348]],"asks":[[77022.15,0.20440133]]}
{"timestamp":"2026-04-27T15:38:48.198Z","timestampMs":1777304328198,"source":"coinbase","transport":"rest","productId":"BTC-USD","bestBid":77022.14,"bestAsk":77022.15,"bestBidSize":0.05673248,"bestAskSize":0.20313958,"midPrice":77022.14499999999,"spread":0.00999999999476131,"spreadBps":0.0012983279022885316,"bids":[[77022.14,0.05673248]],"asks":[[77022.15,0.20313958]]}
{"timestamp":"2026-04-27T15:38:49.362Z","timestampMs":1777304329362,"source":"coinbase","transport":"rest","productId":"BTC-USD","bestBid":77022.14,"bestAsk":77022.15,"bestBidSize":0.05673248,"bestAskSize":0.20313958,"midPrice":77022.14499999999,"spread":0.00999999999476131,"spreadBps":0.0012983279022885316,"bids":[[77022.14,0.05673248]],"asks":[[77022.15,0.20313958]]}
{"timestamp":"2026-04-27T15:38:50.393Z","timestampMs":1777304330393,"source":"coinbase","transport":"rest","productId":"BTC-USD","bestBid":77022.38,"bestAsk":77022.39,"bestBidSize":0.0042,"bestAskSize":0.00036336,"midPrice":77022.38500000001,"spread":0.00999999999476131,"spreadBps":0.0012983238567283147,"bids":[[77022.38,0.0042]],"asks":[[77022.39,0.00036336]]}
{"timestamp":"2026-04-27T15:38:51.578Z","timestampMs":1777304331578,"source":"coinbase","transport":"rest","productId":"BTC-USD","bestBid":77022.38,"bestAsk":77022.39,"bestBidSize":0.0042,"bestAskSize":0.00036336,"midPrice":77022.38500000001,"spread":0.00999999999476131,"spreadBps":0.0012983238567283147,"bids":[[77022.38,0.0042]],"asks":[[77022.39,0.00036336]]}
{"timestamp":"2026-04-27T15:38:52.614Z","timestampMs":1777304332614,"source":"coinbase","transport":"rest","productId":"BTC-USD","bestBid":77034.78,"bestAsk":77034.79,"bestBidSize":0.1312,"bestAskSize":0.21257182,"midPrice":77034.785,"spread":0.00999999999476131,"spreadBps":0.0012981148704135814,"bids":[[77034.78,0.1312]],"asks":[[77034.79,0.21257182]]}
{"timestamp":"2026-04-27T15:38:53.780Z","timestampMs":1777304333780,"source":"coinbase","transport":"rest","productId":"BTC-USD","bestBid":77034.78,"bestAsk":77034.79,"bestBidSize":0.1312,"bestAskSize":0.21257182,"midPrice":77034.785,"spread":0.00999999999476131,"spreadBps":0.0012981148704135814,"bids":[[77034.78,0.1312]],"asks":[[77034.79,0.21257182]]}
{"timestamp":"2026-04-27T15:38:54.810Z","timestampMs":1777304334810,"source":"coinbase","transport":"rest","productId":"BTC-USD","bestBid":77038.06,"bestAsk":77038.07,"bestBidSize":0.80011599,"bestAskSize":0.20734499,"midPrice":77038.065,"spread":0.010000000009313226,"spreadBps":0.0012980596033030198,"bids":[[77038.06,0.80011599]],"asks":[[77038.07,0.20734499]]}
{"timestamp":"2026-04-27T15:38:55.935Z","timestampMs":1777304335935,"source":"coinbase","transport":"rest","productId":"BTC-USD","bestBid":77038.06,"bestAsk":77038.07,"bestBidSize":0.80011599,"bestAskSize":0.20734499,"midPrice":77038.065,"spread":0.010000000009313226,"spreadBps":0.0012980596033030198,"bids":[[77038.06,0.80011599]],"asks":[[77038.07,0.20734499]]}
{"timestamp":"2026-04-27T15:38:56.971Z","timestampMs":1777304336971,"source":"coinbase","transport":"rest","productId":"BTC-USD","bestBid":77041.91,"bestAsk":77041.92,"bestBidSize":0.1244051,"bestAskSize":0.00197355,"midPrice":77041.91500000001,"spread":0.00999999999476131,"spreadBps":0.0012979947337447817,"bids":[[77041.91,0.1244051]],"asks":[[77041.92,0.00197355]]}
{"timestamp":"2026-04-27T15:38:58.147Z","timestampMs":1777304338147,"source":"coinbase","transport":"rest","productId":"BTC-USD","bestBid":77041.91,"bestAsk":77041.92,"bestBidSize":0.1244051,"bestAskSize":0.00197355,"midPrice":77041.91500000001,"spread":0.00999999999476131,"spreadBps":0.0012979947337447817,"bids":[[77041.91,0.1244051]],"asks":[[77041.92,0.00197355]]}
{"timestamp":"2026-04-27T15:38:59.176Z","timestampMs":1777304339176,"source":"coinbase","transport":"rest","productId":"BTC-USD","bestBid":77041.91,"bestAsk":77041.92,"bestBidSize":0.12339944,"bestAskSize":0.1900793,"midPrice":77041.91500000001,"spread":0.00999999999476131,"spreadBps":0.0012979947337447817,"bids":[[77041.91,0.12339944]],"asks":[[77041.92,0.1900793]]}
{"timestamp":"2026-04-27T15:39:00.337Z","timestampMs":1777304340337,"source":"coinbase","transport":"rest","productId":"BTC-USD","bestBid":77041.91,"bestAsk":77041.92,"bestBidSize":0.12339944,"bestAskSize":0.1900793,"midPrice":77041.91500000001,"spread":0.00999999999476131,"spreadBps":0.0012979947337447817,"bids":[[77041.91,0.12339944]],"asks":[[77041.92,0.1900793]]}
{"timestamp":"2026-04-27T15:39:01.374Z","timestampMs":1777304341374,"source":"coinbase","transport":"rest","productId":"BTC-USD","bestBid":77041.91,"bestAsk":77041.92,"bestBidSize":0.11683306,"bestAskSize":0.41892122,"midPrice":77041.91500000001,"spread":0.00999999999476131,"spreadBps":0.0012979947337447817,"bids":[[77041.91,0.11683306]],"asks":[[77041.92,0.41892122]]}
{"timestamp":"2026-04-27T15:39:02.543Z","timestampMs":1777304342543,"source":"coinbase","transport":"rest","productId":"BTC-USD","bestBid":77041.91,"bestAsk":77041.92,"bestBidSize":0.11683306,"bestAskSize":0.41892122,"midPrice":77041.91500000001,"spread":0.00999999999476131,"spreadBps":0.0012979947337447817,"bids":[[77041.91,0.11683306]],"asks":[[77041.92,0.41892122]]}
{"timestamp":"2026-04-27T15:39:03.571Z","timestampMs":1777304343571,"source":"coinbase","transport":"rest","productId":"BTC-USD","bestBid":77039.23,"bestAsk":77039.24,"bestBidSize":0.80001898,"bestAskSize":0.23006587,"midPrice":77039.235,"spread":0.010000000009313226,"spreadBps":0.0012980398895852516,"bids":[[77039.23,0.80001898]],"asks":[[77039.24,0.23006587]]}
{"timestamp":"2026-04-27T15:39:04.739Z","timestampMs":1777304344739,"source":"coinbase","transport":"rest","productId":"BTC-USD","bestBid":77039.23,"bestAsk":77039.24,"bestBidSize":0.80001898,"bestAskSize":0.23006587,"midPrice":77039.235,"spread":0.010000000009313226,"spreadBps":0.0012980398895852516,"bids":[[77039.23,0.80001898]],"asks":[[77039.24,0.23006587]]}
{"timestamp":"2026-04-27T15:39:05.777Z","timestampMs":1777304345777,"source":"coinbase","transport":"rest","productId":"BTC-USD","bestBid":77033.99,"bestAsk":77034,"bestBidSize":0.00005855,"bestAskSize":0.2790234,"midPrice":77033.995,"spread":0.00999999999476131,"spreadBps":0.0012981281828576216,"bids":[[77033.99,0.00005855]],"asks":[[77034,0.2790234]]}
{"timestamp":"2026-04-27T15:39:06.909Z","timestampMs":1777304346909,"source":"coinbase","transport":"rest","productId":"BTC-USD","bestBid":77033.99,"bestAsk":77034,"bestBidSize":0.00005855,"bestAskSize":0.2790234,"midPrice":77033.995,"spread":0.00999999999476131,"spreadBps":0.0012981281828576216,"bids":[[77033.99,0.00005855]],"asks":[[77034,0.2790234]]}
{"timestamp":"2026-04-27T15:39:07.938Z","timestampMs":1777304347938,"source":"coinbase","transport":"rest","productId":"BTC-USD","bestBid":77028.66,"bestAsk":77029.95,"bestBidSize":0.00032455,"bestAskSize":0.03465753,"midPrice":77029.305,"spread":1.2899999999935972,"spreadBps":0.16746873154231331,"bids":[[77028.66,0.00032455]],"asks":[[77029.95,0.03465753]]}
{"timestamp":"2026-04-27T15:39:09.108Z","timestampMs":1777304349108,"source":"coinbase","transport":"rest","productId":"BTC-USD","bestBid":77028.66,"bestAsk":77029.95,"bestBidSize":0.00032455,"bestAskSize":0.03465753,"midPrice":77029.305,"spread":1.2899999999935972,"spreadBps":0.16746873154231331,"bids":[[77028.66,0.00032455]],"asks":[[77029.95,0.03465753]]}
{"timestamp":"2026-04-27T15:39:10.136Z","timestampMs":1777304350136,"source":"coinbase","transport":"rest","productId":"BTC-USD","bestBid":77034.23,"bestAsk":77034.24,"bestBidSize":0.52059979,"bestAskSize":0.00000215,"midPrice":77034.235,"spread":0.010000000009313226,"spreadBps":0.001298124140430969,"bids":[[77034.23,0.52059979]],"asks":[[77034.24,0.00000215]]}
{"timestamp":"2026-04-27T15:39:11.302Z","timestampMs":1777304351302,"source":"coinbase","transport":"rest","productId":"BTC-USD","bestBid":77034.23,"bestAsk":77034.24,"bestBidSize":0.52059979,"bestAskSize":0.00000215,"midPrice":77034.235,"spread":0.010000000009313226,"spreadBps":0.001298124140430969,"bids":[[77034.23,0.52059979]],"asks":[[77034.24,0.00000215]]}
{"timestamp":"2026-04-27T15:39:12.331Z","timestampMs":1777304352331,"source":"coinbase","transport":"rest","productId":"BTC-USD","bestBid":77035.71,"bestAsk":77035.72,"bestBidSize":0.03897524,"bestAskSize":0.2399234,"midPrice":77035.715,"spread":0.00999999999476131,"spreadBps":0.001298099199152148,"bids":[[77035.71,0.03897524]],"asks":[[77035.72,0.2399234]]}
{"timestamp":"2026-04-27T15:39:13.505Z","timestampMs":1777304353505,"source":"coinbase","transport":"rest","productId":"BTC-USD","bestBid":77035.71,"bestAsk":77035.72,"bestBidSize":0.03897524,"bestAskSize":0.2399234,"midPrice":77035.715,"spread":0.00999999999476131,"spreadBps":0.001298099199152148,"bids":[[77035.71,0.03897524]],"asks":[[77035.72,0.2399234]]}
{"timestamp":"2026-04-27T15:39:14.535Z","timestampMs":1777304354535,"source":"coinbase","transport":"rest","productId":"BTC-USD","bestBid":77034.23,"bestAsk":77034.24,"bestBidSize":0.00005972,"bestAskSize":0.35052587,"midPrice":77034.235,"spread":0.010000000009313226,"spreadBps":0.001298124140430969,"bids":[[77034.23,0.00005972]],"asks":[[77034.24,0.35052587]]}
{"timestamp":"2026-04-27T15:39:15.683Z","timestampMs":1777304355683,"source":"coinbase","transport":"rest","productId":"BTC-USD","bestBid":77034.23,"bestAsk":77034.24,"bestBidSize":0.00005972,"bestAskSize":0.35052587,"midPrice":77034.235,"spread":0.010000000009313226,"spreadBps":0.001298124140430969,"bids":[[77034.23,0.00005972]],"asks":[[77034.24,0.35052587]]}
{"timestamp":"2026-04-27T15:39:16.714Z","timestampMs":1777304356714,"source":"coinbase","transport":"rest","productId":"BTC-USD","bestBid":77034.23,"bestAsk":77034.24,"bestBidSize":0.20007638,"bestAskSize":0.23948083,"midPrice":77034.235,"spread":0.010000000009313226,"spreadBps":0.001298124140430969,"bids":[[77034.23,0.20007638]],"asks":[[77034.24,0.23948083]]}
{"timestamp":"2026-04-27T15:39:17.869Z","timestampMs":1777304357869,"source":"coinbase","transport":"rest","productId":"BTC-USD","bestBid":77034.23,"bestAsk":77034.24,"bestBidSize":0.20007638,"bestAskSize":0.23948083,"midPrice":77034.235,"spread":0.010000000009313226,"spreadBps":0.001298124140430969,"bids":[[77034.23,0.20007638]],"asks":[[77034.24,0.23948083]]}
{"timestamp":"2026-04-27T15:39:18.921Z","timestampMs":1777304358921,"source":"coinbase","transport":"rest","productId":"BTC-USD","bestBid":77034.23,"bestAsk":77034.24,"bestBidSize":0.20007575,"bestAskSize":0.08144045,"midPrice":77034.235,"spread":0.010000000009313226,"spreadBps":0.001298124140430969,"bids":[[77034.23,0.20007575]],"asks":[[77034.24,0.08144045]]}
{"timestamp":"2026-04-27T15:39:20.084Z","timestampMs":1777304360084,"source":"coinbase","transport":"rest","productId":"BTC-USD","bestBid":77034.23,"bestAsk":77034.24,"bestBidSize":0.20007575,"bestAskSize":0.08144045,"midPrice":77034.235,"spread":0.010000000009313226,"spreadBps":0.001298124140430969,"bids":[[77034.23,0.20007575]],"asks":[[77034.24,0.08144045]]}
{"timestamp":"2026-04-27T15:39:21.121Z","timestampMs":1777304361121,"source":"coinbase","transport":"rest","productId":"BTC-USD","bestBid":77019.9,"bestAsk":77019.91,"bestBidSize":0.02461709,"bestAskSize":0.24005501,"midPrice":77019.905,"spread":0.010000000009313226,"spreadBps":0.0012983656639557301,"bids":[[77019.9,0.02461709]],"asks":[[77019.91,0.24005501]]}
{"timestamp":"2026-04-27T15:39:22.278Z","timestampMs":1777304362278,"source":"coinbase","transport":"rest","productId":"BTC-USD","bestBid":77019.9,"bestAsk":77019.91,"bestBidSize":0.02461709,"bestAskSize":0.24005501,"midPrice":77019.905,"spread":0.010000000009313226,"spreadBps":0.0012983656639557301,"bids":[[77019.9,0.02461709]],"asks":[[77019.91,0.24005501]]}
{"timestamp":"2026-04-27T15:39:23.325Z","timestampMs":1777304363325,"source":"coinbase","transport":"rest","productId":"BTC-USD","bestBid":77025.99,"bestAsk":77026,"bestBidSize":0.02758302,"bestAskSize":0.23391592,"midPrice":77025.995,"spread":0.00999999999476131,"spreadBps":0.0012982630078016272,"bids":[[77025.99,0.02758302]],"asks":[[77026,0.23391592]]}
{"timestamp":"2026-04-27T15:39:24.419Z","timestampMs":1777304364419,"source":"coinbase","transport":"rest","productId":"BTC-USD","bestBid":77025.99,"bestAsk":77026,"bestBidSize":0.02758302,"bestAskSize":0.23391592,"midPrice":77025.995,"spread":0.00999999999476131,"spreadBps":0.0012982630078016272,"bids":[[77025.99,0.02758302]],"asks":[[77026,0.23391592]]}
{"timestamp":"2026-04-27T15:39:25.457Z","timestampMs":1777304365457,"source":"coinbase","transport":"rest","productId":"BTC-USD","bestBid":77028.3,"bestAsk":77028.31,"bestBidSize":0.19999986,"bestAskSize":0.23006587,"midPrice":77028.305,"spread":0.00999999999476131,"spreadBps":0.0012982240742232757,"bids":[[77028.3,0.19999986]],"asks":[[77028.31,0.23006587]]}
{"timestamp":"2026-04-27T15:39:26.622Z","timestampMs":1777304366622,"source":"coinbase","transport":"rest","productId":"BTC-USD","bestBid":77028.3,"bestAsk":77028.31,"bestBidSize":0.19999986,"bestAskSize":0.23006587,"midPrice":77028.305,"spread":0.00999999999476131,"spreadBps":0.0012982240742232757,"bids":[[77028.3,0.19999986]],"asks":[[77028.31,0.23006587]]}
{"timestamp":"2026-04-27T15:39:27.659Z","timestampMs":1777304367659,"source":"coinbase","transport":"rest","productId":"BTC-USD","bestBid":77028.3,"bestAsk":77028.31,"bestBidSize":0.19999919,"bestAskSize":0.28679846,"midPrice":77028.305,"spread":0.00999999999476131,"spreadBps":0.0012982240742232757,"bids":[[77028.3,0.19999919]],"asks":[[77028.31,0.28679846]]}
{"timestamp":"2026-04-27T15:39:28.828Z","timestampMs":1777304368828,"source":"coinbase","transport":"rest","productId":"BTC-USD","bestBid":77028.3,"bestAsk":77028.31,"bestBidSize":0.19999919,"bestAskSize":0.28679846,"midPrice":77028.305,"spread":0.00999999999476131,"spreadBps":0.0012982240742232757,"bids":[[77028.3,0.19999919]],"asks":[[77028.31,0.28679846]]}
{"timestamp":"2026-04-27T15:39:29.861Z","timestampMs":1777304369861,"source":"coinbase","transport":"rest","productId":"BTC-USD","bestBid":77033.51,"bestAsk":77033.92,"bestBidSize":0.03894409,"bestAskSize":0.2413234,"midPrice":77033.715,"spread":0.41000000000349246,"spreadBps":0.05322344897990347,"bids":[[77033.51,0.03894409]],"asks":[[77033.92,0.2413234]]}
