{"timestamp":"2026-04-27T15:46:11.558Z","timestampMs":1777304771558,"source":"coinbase","transport":"rest","productId":"BTC-USD","bestBid":77022.72,"bestAsk":77022.73,"bestBidSize":0.00212986,"bestAskSize":0.19778996,"midPrice":77022.725,"spread":0.00999999999476131,"spreadBps":0.0012983181255611651,"bids":[[77022.72,0.00212986]],"asks":[[77022.73,0.19778996]]}
{"timestamp":"2026-04-27T15:46:12.857Z","timestampMs":1777304772857,"source":"coinbase","transport":"rest","productId":"BTC-USD","bestBid":77022.72,"bestAsk":77022.73,"bestBidSize":0.20218128,"bestAskSize":0.07178772,"midPrice":77022.725,"spread":0.00999999999476131,"spreadBps":0.0012983181255611651,"bids":[[77022.72,0.20218128]],"asks":[[77022.73,0.07178772]]}
{"timestamp":"2026-04-27T15:46:13.916Z","timestampMs":1777304773916,"source":"coinbase","transport":"ws","productId":"BTC-USD","bestBid":77021.79,"bestAsk":77021.8,"bestBidSize":0.06394991,"bestAskSize":0.45534698,"midPrice":77021.795,"spread":0.010000000009313226,"spreadBps":0.001298333803998365,"bids":[[77021.79,0.06394991],[77020.63,0.01558024],[77020.29,0.09147321],[77020.26,0.0000148],[77019.91,0.12983655]],"asks":[[77021.8,0.45534698],[77022,0.038],[77022.96,0.01557977],[77023.86,0.025],[77024,0.038]]}
{"timestamp":"2026-04-27T15:46:14.928Z","timestampMs":1777304774928,"source":"coinbase","transport":"ws","productId":"BTC-USD","bestBid":77020.26,"bestAsk":77020.27,"bestBidSize":0.0389654,"bestAskSize":0.40924309,"midPrice":77020.265,"spread":0.010000000009313226,"spreadBps":0.0012983595952718713,"bids":[[77020.26,0.0389654],[77019.1,0.01558055],[77018.88,0.000015],[77018.02,0.025],[77017.56,0.00012983]],"asks":[[77020.27,0.40924309],[77020.29,0.03785753],[77020.3,0.03785753],[77021.43,0.01558008],[77022,0.038]]}
{"timestamp":"2026-04-27T15:46:15.937Z","timestampMs":1777304775937,"source":"coinbase","transport":"ws","productId":"BTC-USD","bestBid":77015.04,"bestAsk":77015.05,"bestBidSize":0.000015,"bestAskSize":0.46490508,"midPrice":77015.045,"spread":0.010000000009313226,"spreadBps":0.00129844759674077,"bids":[[77015.04,0.000015],[77012.97,0.00388],[77011.21,0.00016229],[77011.2,0.000015],[77010.65,0.02996612]],"asks":[[77015.05,0.46490508],[77016,0.038],[77017.55,0.34845668],[77018,0.038],[77018.54,0.07790333]]}
{"timestamp":"2026-04-27T15:46:16.954Z","timestampMs":1777304776954,"source":"coinbase","transport":"ws","productId":"BTC-USD","bestBid":77009.69,"bestAsk":77009.7,"bestBidSize":0.02460013,"bestAskSize":0.24377034,"midPrice":77009.695,"spread":0.00999999999476131,"spreadBps":0.0012985378003070017,"bids":[[77009.69,0.02460013],[77009.68,0.00776],[77008.69,0.00325165],[77008.52,0.01558269],[77007.61,0.19331166]],"asks":[[77009.7,0.24377034],[77009.71,0.03858216],[77010.86,0.01558222],[77011.39,0.025],[77012,0.038]]}
{"timestamp":"2026-04-27T15:46:17.969Z","timestampMs":1777304777969,"source":"coinbase","transport":"ws","productId":"BTC-USD","bestBid":77007.61,"bestAsk":77007.62,"bestBidSize":6.2e-7,"bestAskSize":0.20583745,"midPrice":77007.61499999999,"spread":0.00999999999476131,"spreadBps":0.001298572874223064,"bids":[[77007.61,6.2e-7],[77007.37,4.7e-7],[77007.36,0.000015],[77004.41,0.13722803],[77004.4,0.12986269]],"asks":[[77007.62,0.20583745],[77008,0.038],[77009.46,0.03],[77009.48,0.03],[77010,0.038]]}
{"timestamp":"2026-04-27T15:46:18.986Z","timestampMs":1777304778986,"source":"coinbase","transport":"ws","productId":"BTC-USD","bestBid":77007.36,"bestAsk":77007.37,"bestBidSize":0.00026516,"bestAskSize":0.18821094,"midPrice":77007.36499999999,"spread":0.00999999999476131,"spreadBps":0.0012985770899655263,"bids":[[77007.36,0.00026516],[77004.41,0.14025402],[77004.4,0.12986269],[77003.85,0.1],[77003.84,0.70314904]],"asks":[[77007.37,0.18821094],[77008,0.038],[77009.46,0.03],[77009.48,0.03],[77010,0.038]]}
{"timestamp":"2026-04-27T15:46:19.998Z","timestampMs":1777304779998,"source":"coinbase","transport":"ws","productId":"BTC-USD","bestBid":77004.9,"bestAsk":77004.91,"bestBidSize":0.06455838,"bestAskSize":0.036199,"midPrice":77004.905,"spread":0.010000000009313226,"spreadBps":0.0012986185762209857,"bids":[[77004.9,0.06455838],[77004.3,0.2],[77004.1,0.2],[77003.85,0.1],[77003.52,0.000015]],"asks":[[77004.91,0.036199],[77007.88,0.00012986],[77008,0.038],[77010,0.038],[77011.52,0.00016232]]}
{"timestamp":"2026-04-27T15:46:21.008Z","timestampMs":1777304781008,"source":"coinbase","transport":"ws","productId":"BTC-USD","bestBid":76988.2,"bestAsk":76988.21,"bestBidSize":0.03896701,"bestAskSize":0.051229,"midPrice":76988.205,"spread":0.010000000009313226,"spreadBps":0.0012989002678154694,"bids":[[76988.2,0.03896701],[76988.16,0.000015],[76984.93,0.25979108],[76984.32,0.000015],[76984,0.0361]],"asks":[[76988.21,0.051229],[76988.75,0.00032472],[76988.77,0.03918222],[76988.94,0.15392256],[76990,0.0361]]}
{"timestamp":"2026-04-27T15:46:22.019Z","timestampMs":1777304782019,"source":"coinbase","transport":"ws","productId":"BTC-USD","bestBid":76988.74,"bestAsk":76988.75,"bestBidSize":0.22750295,"bestAskSize":0.00002107,"midPrice":76988.745,"spread":0.00999999999476131,"spreadBps":0.0012988911554229533,"bids":[[76988.74,0.22750295],[76988.16,0.00522389],[76988,0.0361],[76986.65,0.25419289],[76986.64,0.12989265]],"asks":[[76988.75,0.00002107],[76988.76,0.03],[76988.78,0.03],[76991.64,0.00012988],[76994,0.0361]]}
{"timestamp":"2026-04-27T15:46:23.061Z","timestampMs":1777304783061,"source":"coinbase","transport":"ws","productId":"BTC-USD","bestBid":77007.33,"bestAsk":77007.34,"bestBidSize":0.00367421,"bestAskSize":0.29290556,"midPrice":77007.33499999999,"spread":0.00999999999476131,"spreadBps":0.0012985775958564612,"bids":[[77007.33,0.00367421],[77006.01,0.02052319],[77004.53,0.00007721],[77004,0.0343],[77003.76,0.00289648]],"asks":[[77007.34,0.29290556],[77007.35,0.03745753],[77007.36,0.03747253],[77008.32,0.00380435],[77010,0.048]]}
{"timestamp":"2026-04-27T15:46:24.070Z","timestampMs":1777304784070,"source":"coinbase","transport":"ws","productId":"BTC-USD","bestBid":77002.1,"bestAsk":77002.11,"bestBidSize":0.2,"bestAskSize":0.03083,"midPrice":77002.10500000001,"spread":0.00999999999476131,"spreadBps":0.0012986657955339415,"bids":[[77002.1,0.2],[77001.66,0.00012986],[76998.02,0.00016232],[76997,0.19983626],[76996.72,0.12987565]],"asks":[[77002.11,0.03083],[77002.42,0.04],[77002.43,0.31703156],[77004.05,0.19362218],[77004.08,0.03]]}
{"timestamp":"2026-04-27T15:46:25.078Z","timestampMs":1777304785078,"source":"coinbase","transport":"ws","productId":"BTC-USD","bestBid":76992.76,"bestAsk":76993.9,"bestBidSize":0.0246,"bestAskSize":0.03745753,"midPrice":76993.32999999999,"spread":1.139999999999418,"spreadBps":0.14806477392254863,"bids":[[76992.76,0.0246],[76992.65,0.19341821],[76992.45,0.12988285],[76992.01,0.00339647],[76992,0.00325662]],"asks":[[76993.9,0.03745753],[76993.91,0.2429234],[76993.92,0.03745753],[76993.94,0.03745753],[76993.95,0.03745753]]}
{"timestamp":"2026-04-27T15:46:26.089Z","timestampMs":1777304786089,"source":"coinbase","transport":"ws","productId":"BTC-USD","bestBid":77003.52,"bestAsk":77003.53,"bestBidSize":0.00019217,"bestAskSize":0.27469245,"midPrice":77003.525,"spread":0.00999999999476131,"spreadBps":0.0012986418472091129,"bids":[[77003.52,0.00019217],[77002.99,0.03895952],[77002,0.0040012],[77001.44,0.13546578],[77000.82,0.00012986]],"asks":[[77003.53,0.27469245],[77006,0.0343],[77007.34,0.000074],[77007.36,0.000015],[77008,0.0343]]}
{"timestamp":"2026-04-27T15:46:27.096Z","timestampMs":1777304787096,"source":"coinbase","transport":"ws","productId":"BTC-USD","bestBid":77003.52,"bestAsk":77003.53,"bestBidSize":0.15058756,"bestAskSize":0.2427234,"midPrice":77003.525,"spread":0.00999999999476131,"spreadBps":0.0012986418472091129,"bids":[[77003.52,0.15058756],[77002.99,0.04423934],[77001.45,0.30908053],[77001.44,0.12986769],[77000.9,0.2]],"asks":[[77003.53,0.2427234],[77004,0.0343],[77006,0.0343],[77006.23,0.00012986],[77007.34,0.000074]]}
{"timestamp":"2026-04-27T15:46:28.114Z","timestampMs":1777304788114,"source":"coinbase","transport":"ws","productId":"BTC-USD","bestBid":77006,"bestAsk":77006.23,"bestBidSize":0.0343,"bestAskSize":0.03738739,"midPrice":77006.11499999999,"spread":0.22999999999592546,"spreadBps":0.02986775790415157,"bids":[[77006,0.0343],[77004.69,0.0988035],[77004.28,0.1312],[77004,0.0343],[77003.53,0.22124359]],"asks":[[77006.23,0.03738739],[77007.34,0.000074],[77007.36,0.000015],[77008,0.0343],[77008.32,0.00380435]]}
{"timestamp":"2026-04-27T15:46:29.130Z","timestampMs":1777304789130,"source":"coinbase","transport":"ws","productId":"BTC-USD","bestBid":77003.52,"bestAsk":77003.53,"bestBidSize":0.14600026,"bestAskSize":0.27999581,"midPrice":77003.525,"spread":0.00999999999476131,"spreadBps":0.0012986418472091129,"bids":[[77003.52,0.14600026],[77002.13,0.00012986],[77001.45,0.09800811],[77001.44,0.12986769],[77000,0.0343]],"asks":[[77003.53,0.27999581],[77004,0.0343],[77004.69,0.01558347],[77006,0.0343],[77007.34,0.000074]]}
{"timestamp":"2026-04-27T15:46:30.144Z","timestampMs":1777304790144,"source":"coinbase","transport":"ws","productId":"BTC-USD","bestBid":77003.52,"bestAsk":77003.53,"bestBidSize":0.18930581,"bestAskSize":0.24200758,"midPrice":77003.525,"spread":0.00999999999476131,"spreadBps":0.0012986418472091129,"bids":[[77003.52,0.18930581],[77002.83,0.00025972],[77002.36,0.0199915],[77001.45,0.31640854],[77001.44,0.12986769]],"asks":[[77003.53,0.24200758],[77004.69,0.01558347],[77006,0.0343],[77006.23,0.00012986],[77007.34,0.000074]]}
{"timestamp":"2026-04-27T15:46:31.157Z","timestampMs":1777304791157,"source":"coinbase","transport":"ws","productId":"BTC-USD","bestBid":77003.52,"bestAsk":77003.53,"bestBidSize":0.17586668,"bestAskSize":0.24253698,"midPrice":77003.525,"spread":0.00999999999476131,"spreadBps":0.0012986418472091129,"bids":[[77003.52,0.17586668],[77002.36,0.0199915],[77001.45,0.31640854],[77001.44,0.12986769],[77000.9,0.2]],"asks":[[77003.53,0.24253698],[77004.69,0.01558347],[77006,0.0343],[77006.23,0.00012986],[77007.34,0.000074]]}
{"timestamp":"2026-04-27T15:46:32.170Z","timestampMs":1777304792170,"source":"coinbase","transport":"ws","productId":"BTC-USD","bestBid":77003.52,"bestAsk":77003.53,"bestBidSize":0.17586564,"bestAskSize":0.24263698,"midPrice":77003.525,"spread":0.00999999999476131,"spreadBps":0.0012986418472091129,"bids":[[77003.52,0.17586564],[77002.36,0.0199915],[77001.45,0.31640854],[77001.44,0.12986769],[77000.9,0.2]],"asks":[[77003.53,0.24263698],[77004.69,0.01558347],[77006,0.0343],[77006.23,0.00012986],[77007.34,0.000074]]}
{"timestamp":"2026-04-27T15:46:33.183Z","timestampMs":1777304793183,"source":"coinbase","transport":"ws","productId":"BTC-USD","bestBid":76992,"bestAsk":76993.64,"bestBidSize":0.000015,"bestAskSize":0.05197792,"midPrice":76992.82,"spread":1.639999999999418,"spreadBps":0.21300687518646777,"bids":[[76992,0.000015],[76989,0.0246],[76988.16,0.000015],[76988,0.0361],[76987.88,0.23263864]],"asks":[[76993.64,0.05197792],[76993.65,0.20546587],[76993.72,0.1312],[76994,0.0343],[76995.85,0.15957]]}
{"timestamp":"2026-04-27T15:46:34.198Z","timestampMs":1777304794198,"source":"coinbase","transport":"ws","productId":"BTC-USD","bestBid":77003.51,"bestAsk":77003.52,"bestBidSize":0.04433703,"bestAskSize":0.2424384,"midPrice":77003.515,"spread":0.010000000009313226,"spreadBps":0.0012986420177459725,"bids":[[77003.51,0.04433703],[77002,0.00428369],[77000.81,0.00012986],[77000.38,0.12986948],[77000.21,0.02337357]],"asks":[[77003.52,0.2424384],[77006,0.0343],[77006.22,0.00012986],[77007.34,0.000074],[77007.36,0.000015]]}
{"timestamp":"2026-04-27T15:46:35.209Z","timestampMs":1777304795209,"source":"coinbase","transport":"ws","productId":"BTC-USD","bestBid":77003.51,"bestAsk":77003.52,"bestBidSize":0.243596,"bestAskSize":0.20546587,"midPrice":77003.515,"spread":0.010000000009313226,"spreadBps":0.0012986420177459725,"bids":[[77003.51,0.243596],[77000.81,0.00012986],[77000.39,0.11822192],[77000.38,0.12986948],[77000,0.0343]],"asks":[[77003.52,0.20546587],[77006,0.0343],[77006.22,0.00012986],[77007.34,0.000074],[77007.36,0.000015]]}
{"timestamp":"2026-04-27T15:46:36.220Z","timestampMs":1777304796220,"source":"coinbase","transport":"ws","productId":"BTC-USD","bestBid":77003.51,"bestAsk":77003.52,"bestBidSize":0.24359576,"bestAskSize":0.20546587,"midPrice":77003.515,"spread":0.010000000009313226,"spreadBps":0.0012986420177459725,"bids":[[77003.51,0.24359576],[77000.81,0.00012986],[77000.39,0.08145113],[77000.38,0.12986948],[76998.01,0.03452803]],"asks":[[77003.52,0.20546587],[77004,0.0343],[77006,0.0343],[77006.22,0.00012986],[77007.34,0.000074]]}
{"timestamp":"2026-04-27T15:46:37.235Z","timestampMs":1777304797235,"source":"coinbase","transport":"ws","productId":"BTC-USD","bestBid":76993.97,"bestAsk":76993.98,"bestBidSize":0.03896369,"bestAskSize":0.20546587,"midPrice":76993.975,"spread":0.00999999999476131,"spreadBps":0.0012988029251329485,"bids":[[76993.97,0.03896369],[76992.26,0.31328357],[76992.25,0.1298832],[76992,0.00002967],[76990.56,0.25977208]],"asks":[[76993.98,0.20546587],[76996,0.0343],[76996.68,0.00012988],[76998,0.0343],[77000,0.0343]]}
{"timestamp":"2026-04-27T15:46:38.245Z","timestampMs":1777304798245,"source":"coinbase","transport":"ws","productId":"BTC-USD","bestBid":77003,"bestAsk":77003.01,"bestBidSize":0.0246,"bestAskSize":0.00012987,"midPrice":77003.005,"spread":0.00999999999476131,"spreadBps":0.0012986506169157047,"bids":[[77003,0.0246],[77002,0.10974333],[77001.99,0.018],[77000.76,0.00032467],[77000.75,0.1312]],"asks":[[77003.01,0.00012987],[77003.52,0.0102561],[77003.53,0.0884286],[77005,0.01],[77006,0.0343]]}
{"timestamp":"2026-04-27T15:46:39.264Z","timestampMs":1777304799264,"source":"coinbase","transport":"ws","productId":"BTC-USD","bestBid":76997.92,"bestAsk":76997.93,"bestBidSize":0.15470096,"bestAskSize":0.20546587,"midPrice":76997.92499999999,"spread":0.00999999999476131,"spreadBps":0.0012987362964341329,"bids":[[76997.92,0.15470096],[76996.13,0.24478139],[76995.22,0.00012987],[76995.14,0.12987832],[76994.01,0.20546587]],"asks":[[76997.93,0.20546587],[77000,0.0343],[77000.63,0.00012987],[77002,0.0343],[77003.52,0.01019181]]}
{"timestamp":"2026-04-27T15:46:40.273Z","timestampMs":1777304800273,"source":"coinbase","transport":"ws","productId":"BTC-USD","bestBid":76997.92,"bestAsk":76997.93,"bestBidSize":0.3604849,"bestAskSize":0.18675445,"midPrice":76997.92499999999,"spread":0.00999999999476131,"spreadBps":0.0012987362964341329,"bids":[[76997.92,0.3604849],[76995.22,0.00012987],[76995.15,0.283961],[76995.14,0.12987832],[76994.11,0.02337619]],"asks":[[76997.93,0.18675445],[77000,0.0343],[77000.63,0.00012987],[77002,0.0343],[77003.52,0.01019181]]}
{"timestamp":"2026-04-27T15:46:41.282Z","timestampMs":1777304801282,"source":"coinbase","transport":"ws","productId":"BTC-USD","bestBid":76992,"bestAsk":76992.87,"bestBidSize":0.00002967,"bestAskSize":0.19675224,"midPrice":76992.435,"spread":0.8699999999953434,"spreadBps":0.11299811468429898,"bids":[[76992,0.00002967],[76991.87,0.00025974],[76990,0.0343],[76988.31,0.106923],[76988.16,0.000015]],"asks":[[76992.87,0.19675224],[76993.99,0.03685753],[76994,0.0343],[76996,0.0343],[76997.93,0.03685753]]}
{"timestamp":"2026-04-27T15:46:42.290Z","timestampMs":1777304802290,"source":"coinbase","transport":"ws","productId":"BTC-USD","bestBid":76997.92,"bestAsk":76997.93,"bestBidSize":0.03896209,"bestAskSize":0.03685753,"midPrice":76997.92499999999,"spread":0.00999999999476131,"spreadBps":0.0012987362964341329,"bids":[[76997.92,0.03896209],[76996,0.0343],[76994.99,0.1510789],[76994,0.0343],[76993.99,0.15444458]],"asks":[[76997.93,0.03685753],[76999.37,0.00012987],[77000,0.0343],[77000.65,0.00052865],[77002,0.0343]]}
{"timestamp":"2026-04-27T15:46:43.302Z","timestampMs":1777304803302,"source":"coinbase","transport":"ws","productId":"BTC-USD","bestBid":76994.27,"bestAsk":76996.77,"bestBidSize":0.0235,"bestAskSize":0.31840132,"midPrice":76995.52,"spread":2.5,"spreadBps":0.32469421597516324,"bids":[[76994.27,0.0235],[76994.06,0.00012987],[76993.62,0.1969389],[76993.61,0.1298809],[76993.12,0.01558581]],"asks":[[76996.77,0.31840132],[76997.93,0.1957965],[76999.47,0.00012987],[77000,0.0326],[77002,0.0343]]}
{"timestamp":"2026-04-27T15:46:44.316Z","timestampMs":1777304804316,"source":"coinbase","transport":"ws","productId":"BTC-USD","bestBid":76992.86,"bestAsk":76992.87,"bestBidSize":7.8e-7,"bestAskSize":0.15957,"midPrice":76992.86499999999,"spread":0.00999999999476131,"spreadBps":0.0012988216498712331,"bids":[[76992.86,7.8e-7],[76992.24,0.03896496],[76992,6.7e-7],[76991.08,0.01558622],[76990.16,0.00012988]],"asks":[[76992.87,0.15957],[76994,0.0326],[76994.03,0.01558562],[76995.57,0.00012988],[76996,0.0326]]}
{"timestamp":"2026-04-27T15:46:45.333Z","timestampMs":1777304805333,"source":"coinbase","transport":"ws","productId":"BTC-USD","bestBid":76992,"bestAsk":76992.01,"bestBidSize":0.00457092,"bestAskSize":0.22807287,"midPrice":76992.005,"spread":0.00999999999476131,"spreadBps":0.0012988361576973233,"bids":[[76992,0.00457092],[76991.97,0.04162545],[76991.9,0.2],[76991.7,0.2],[76988.91,0.12988882]],"asks":[[76992.01,0.22807287],[76992.04,0.03],[76994,0.0326],[76994.71,0.00012988],[76996,0.0326]]}
{"timestamp":"2026-04-27T15:46:46.353Z","timestampMs":1777304806353,"source":"coinbase","transport":"ws","productId":"BTC-USD","bestBid":76991.9,"bestAsk":76991.91,"bestBidSize":0.00023095,"bestAskSize":0.29077,"midPrice":76991.905,"spread":0.010000000009313226,"spreadBps":0.0012988378465649377,"bids":[[76991.9,0.00023095],[76991.7,0.2],[76988.16,0.000015],[76985.66,0.00016235],[76984.32,0.000015]],"asks":[[76991.91,0.29077],[76992,0.04],[76992.01,0.25138765],[76992.02,0.03],[76992.04,0.03]]}
{"timestamp":"2026-04-27T15:46:47.369Z","timestampMs":1777304807369,"source":"coinbase","transport":"ws","productId":"BTC-USD","bestBid":76989.58,"bestAsk":76989.59,"bestBidSize":0.38476511,"bestAskSize":0.22953264,"midPrice":76989.58499999999,"spread":0.00999999999476131,"spreadBps":0.0012988769837844055,"bids":[[76989.58,0.38476511],[76988.16,0.000015],[76986.88,0.00012988],[76986.7,0.17465085],[76986.69,0.25978513]],"asks":[[76989.59,0.22953264],[76989.6,0.06675753],[76989.62,0.03],[76990,0.0326],[76992,0.0326]]}
{"timestamp":"2026-04-27T15:46:48.378Z","timestampMs":1777304808378,"source":"coinbase","transport":"ws","productId":"BTC-USD","bestBid":76989.58,"bestAsk":76989.59,"bestBidSize":0.20538826,"bestAskSize":0.40708926,"midPrice":76989.58499999999,"spread":0.00999999999476131,"spreadBps":0.0012988769837844055,"bids":[[76989.58,0.20538826],[76988.96,0.00025977],[76988.63,0.00624018],[76988.16,0.000015],[76986.88,0.00012988]],"asks":[[76989.59,0.40708926],[76989.6,0.06675753],[76989.62,0.03],[76990,0.0326],[76992,0.0326]]}
{"timestamp":"2026-04-27T15:46:49.389Z","timestampMs":1777304809389,"source":"coinbase","transport":"ws","productId":"BTC-USD","bestBid":76984.7,"bestAsk":76984.71,"bestBidSize":0.8246,"bestAskSize":0.09021337,"midPrice":76984.705,"spread":0.010000000009313226,"spreadBps":0.0012989593204667377,"bids":[[76984.7,0.8246],[76982.05,0.03436876],[76982.02,0.00032475],[76982.01,0.02464437],[76982,0.0326]],"asks":[[76984.71,0.09021337],[76984.72,0.03705753],[76986.05,0.03918222],[76987.41,0.00012989],[76987.58,0.03]]}
{"timestamp":"2026-04-27T15:46:50.399Z","timestampMs":1777304810399,"source":"coinbase","transport":"ws","productId":"BTC-USD","bestBid":76986.3,"bestAsk":76986.31,"bestBidSize":0.83897305,"bestAskSize":0.2427234,"midPrice":76986.305,"spread":0.00999999999476131,"spreadBps":0.0012989323224125787,"bids":[[76986.3,0.83897305],[76984,0.0326],[76982.84,0.07831595],[76982.83,0.12989909],[76982.01,0.00128341]],"asks":[[76986.31,0.2427234],[76986.37,0.03725753],[76986.38,0.03715753],[76987.58,0.03],[76987.6,0.03]]}
{"timestamp":"2026-04-27T15:46:51.409Z","timestampMs":1777304811409,"source":"coinbase","transport":"ws","productId":"BTC-USD","bestBid":76992.94,"bestAsk":76992.95,"bestBidSize":0.04520765,"bestAskSize":0.24575592,"midPrice":76992.945,"spread":0.00999999999476131,"spreadBps":0.001298820300322492,"bids":[[76992.94,0.04520765],[76990.24,0.00012988],[76990,0.00613397],[76989.87,0.12988721],[76988,0.0359]],"asks":[[76992.95,0.24575592],[76994,0.0359],[76994.72,0.02337987],[76995,0.01],[76995.65,0.00012988]]}
{"timestamp":"2026-04-27T15:46:52.418Z","timestampMs":1777304812418,"source":"coinbase","transport":"ws","productId":"BTC-USD","bestBid":76991.87,"bestAsk":76991.88,"bestBidSize":0.03917235,"bestAskSize":0.20579058,"midPrice":76991.875,"spread":0.010000000009313226,"spreadBps":0.00129883835265906,"bids":[[76991.87,0.03917235],[76990.94,0.00025976],[76989.88,0.0776202],[76989.87,0.12988721],[76989.18,0.00012988]],"asks":[[76991.88,0.20579058],[76991.94,0.03785753],[76993.98,0.0000777],[76994,0.0359],[76994.58,0.00012988]]}
{"timestamp":"2026-04-27T15:46:53.431Z","timestampMs":1777304813431,"source":"coinbase","transport":"ws","productId":"BTC-USD","bestBid":76999.67,"bestAsk":76999.68,"bestBidSize":0.00012622,"bestAskSize":0.000015,"midPrice":76999.67499999999,"spread":0.00999999999476131,"spreadBps":0.0012987067795755386,"bids":[[76999.67,0.00012622],[76999.66,0.23006587],[76999.02,0.02152244],[76998.01,0.00002112],[76998,0.0359]],"asks":[[76999.68,0.000015],[77000.05,0.00376631],[77003.52,0.000015],[77004,0.0343],[77005,0.01]]}
{"timestamp":"2026-04-27T15:46:54.436Z","timestampMs":1777304814436,"source":"coinbase","transport":"ws","productId":"BTC-USD","bestBid":76999.67,"bestAsk":76999.68,"bestBidSize":0.0002761,"bestAskSize":0.24344808,"midPrice":76999.67499999999,"spread":0.00999999999476131,"spreadBps":0.0012987067795755386,"bids":[[76999.67,0.0002761],[76999.66,0.04187862],[76996.97,0.00012987],[76996.03,0.38106695],[76996,0.0359]],"asks":[[76999.68,0.24344808],[77002,0.0359],[77003.52,0.000015],[77004,0.0343],[77004.14,0.02337573]]}
{"timestamp":"2026-04-27T15:46:55.447Z","timestampMs":1777304815447,"source":"coinbase","transport":"ws","productId":"BTC-USD","bestBid":76999.67,"bestAsk":76999.68,"bestBidSize":0.00027572,"bestAskSize":0.03792165,"midPrice":76999.67499999999,"spread":0.00999999999476131,"spreadBps":0.0012987067795755386,"bids":[[76999.67,0.00027572],[76999.66,0.04187862],[76998.51,0.01976892],[76996.97,0.00012987],[76996.03,0.37698309]],"asks":[[76999.68,0.03792165],[77000.84,0.01558425],[77002,0.0359],[77003.52,0.000015],[77004,0.0343]]}
{"timestamp":"2026-04-27T15:46:56.464Z","timestampMs":1777304816464,"source":"coinbase","transport":"ws","productId":"BTC-USD","bestBid":76999.7,"bestAsk":76999.71,"bestBidSize":0.04782546,"bestAskSize":0.03788221,"midPrice":76999.705,"spread":0.010000000009313226,"spreadBps":0.0012987062754738121,"bids":[[76999.7,0.04782546],[76999.68,0.07466682],[76999.67,0.06595738],[76998.54,0.0156154],[76998,0.0359]],"asks":[[76999.71,0.03788221],[77000.87,0.01558424],[77002,0.0359],[77003.52,0.000015],[77004,0.0343]]}
{"timestamp":"2026-04-27T15:46:57.469Z","timestampMs":1777304817469,"source":"coinbase","transport":"ws","productId":"BTC-USD","bestBid":77006.01,"bestAsk":77006.02,"bestBidSize":0.24442386,"bestAskSize":0.24334805,"midPrice":77006.015,"spread":0.010000000009313226,"spreadBps":0.0012985998573375372,"bids":[[77006.01,0.24442386],[77004.85,0.01558343],[77004.1,0.2],[77004,0.0359],[77003.9,0.2]],"asks":[[77006.02,0.24334805],[77007.18,0.01558296],[77007.34,0.000074],[77007.36,0.000015],[77009.21,0.00016233]]}
{"timestamp":"2026-04-27T15:46:58.486Z","timestampMs":1777304818486,"source":"coinbase","transport":"ws","productId":"BTC-USD","bestBid":76999.67,"bestAsk":76999.68,"bestBidSize":1.1e-7,"bestAskSize":0.38069501,"midPrice":76999.67499999999,"spread":0.00999999999476131,"spreadBps":0.0012987067795755386,"bids":[[76999.67,1.1e-7],[76995.93,0.0390034],[76995.84,0.000015],[76994.77,0.01558547],[76994,0.0359]],"asks":[[76999.68,0.38069501],[76999.92,0.03918222],[77000,0.0359],[77000.84,0.01558425],[77001.84,0.07792021]]}
{"timestamp":"2026-04-27T15:46:59.506Z","timestampMs":1777304819506,"source":"coinbase","transport":"ws","productId":"BTC-USD","bestBid":76995.85,"bestAsk":76995.86,"bestBidSize":0.21433768,"bestAskSize":0.03763217,"midPrice":76995.85500000001,"spread":0.00999999999476131,"spreadBps":0.0012987712123933566,"bids":[[76995.85,0.21433768],[76995.84,0.00001499],[76995.74,0.04372119],[76994.69,0.01558549],[76993.15,0.00012987]],"asks":[[76995.86,0.03763217],[76995.87,0.03775753],[76995.88,0.03775753],[76995.89,0.03775753],[76995.9,0.03775753]]}
{"timestamp":"2026-04-27T15:47:00.516Z","timestampMs":1777304820516,"source":"coinbase","transport":"ws","productId":"BTC-USD","bestBid":77002.01,"bestAsk":77002.02,"bestBidSize":0.16194954,"bestAskSize":0.2221522,"midPrice":77002.015,"spread":0.010000000009313226,"spreadBps":0.0012986673153050899,"bids":[[77002.01,0.16194954],[77001.09,0.01558419],[76999.31,0.00012986],[76997.52,0.15516795],[76996.96,0.25975049]],"asks":[[77002.02,0.2221522],[77002.03,0.03765753],[77003.18,0.01558377],[77004,0.0359],[77006,0.0359]]}
{"timestamp":"2026-04-27T15:47:01.524Z","timestampMs":1777304821524,"source":"coinbase","transport":"ws","productId":"BTC-USD","bestBid":76988.16,"bestAsk":76988.17,"bestBidSize":0.00001498,"bestAskSize":0.24326712,"midPrice":76988.16500000001,"spread":0.00999999999476131,"spreadBps":0.001298900940782432,"bids":[[76988.16,0.00001498],[76987.54,0.0246],[76987.5,0.2],[76987.3,0.2],[76986.38,0.01558717]],"asks":[[76988.17,0.24326712],[76989.33,0.01558658],[76990,0.0359],[76990.87,0.00012989],[76991.15,0.02338061]]}
{"timestamp":"2026-04-27T15:47:02.533Z","timestampMs":1777304822533,"source":"coinbase","transport":"ws","productId":"BTC-USD","bestBid":76988.16,"bestAsk":76988.17,"bestBidSize":0.0635819,"bestAskSize":0.03742884,"midPrice":76988.16500000001,"spread":0.00999999999476131,"spreadBps":0.001298900940782432,"bids":[[76988.16,0.0635819],[76987.5,0.2],[76987.3,0.2],[76987,0.01558705],[76986.3,0.00000519]],"asks":[[76988.17,0.03742884],[76989.33,0.01558658],[76990.87,0.00012989],[76992,0.0359],[76993.99,0.03918222]]}
{"timestamp":"2026-04-27T15:47:03.545Z","timestampMs":1777304823545,"source":"coinbase","transport":"ws","productId":"BTC-USD","bestBid":76977.99,"bestAsk":76978,"bestBidSize":0.0127,"bestAskSize":0.20579064,"midPrice":76977.995,"spread":0.00999999999476131,"spreadBps":0.00129907254596087,"bids":[[76977.99,0.0127],[76977.86,0.03897224],[76976.83,0.01558911],[76976.64,0.000015],[76976,0.0341]],"asks":[[76978,0.20579064],[76980,0.0359],[76981.61,0.0000567],[76982,0.0359],[76984,0.0359]]}
{"timestamp":"2026-04-27T15:47:04.553Z","timestampMs":1777304824553,"source":"coinbase","transport":"ws","productId":"BTC-USD","bestBid":76977.99,"bestAsk":76978,"bestBidSize":0.00003865,"bestAskSize":0.27174038,"midPrice":76977.995,"spread":0.00999999999476131,"spreadBps":0.00129907254596087,"bids":[[76977.99,0.00003865],[76977.86,0.03897224],[76976.83,0.01558911],[76976.64,0.000015],[76976,0.0341]],"asks":[[76978,0.27174038],[76978.02,0.03],[76979.16,0.01558863],[76980,0.0359],[76980.7,0.0001299]]}
{"timestamp":"2026-04-27T15:47:05.570Z","timestampMs":1777304825570,"source":"coinbase","transport":"ws","productId":"BTC-USD","bestBid":76972.9,"bestAsk":76972.91,"bestBidSize":0.23898054,"bestAskSize":0.24350489,"midPrice":76972.905,"spread":0.010000000009313226,"spreadBps":0.0012991584518361658,"bids":[[76972.9,0.23898054],[76972.8,0.000015],[76972.7,0.2],[76970.34,0.25984033],[76969.78,0.00388]],"asks":[[76972.91,0.24350489],[76972.92,0.06765753],[76972.94,0.03],[76972.99,0.03765753],[76974,0.0341]]}
{"timestamp":"2026-04-27T15:47:06.577Z","timestampMs":1777304826577,"source":"coinbase","transport":"ws","productId":"BTC-USD","bestBid":76961.95,"bestAsk":76961.96,"bestBidSize":0.03276434,"bestAskSize":0.27353469,"midPrice":76961.955,"spread":0.010000000009313226,"spreadBps":0.0012993432936199744,"bids":[[76961.95,0.03276434],[76961.29,0.03898063],[76961.28,0.00281807],[76961.13,0.00001948],[76960.67,0.09793065]],"asks":[[76961.96,0.27353469],[76961.97,0.03785753],[76961.98,0.03785753],[76961.99,0.03785753],[76962,0.07195753]]}
{"timestamp":"2026-04-27T15:47:07.585Z","timestampMs":1777304827585,"source":"coinbase","transport":"ws","productId":"BTC-USD","bestBid":76957.45,"bestAsk":76957.46,"bestBidSize":0.03899951,"bestAskSize":0.28150252,"midPrice":76957.455,"spread":0.010000000009313226,"spreadBps":0.00129941927124711,"bids":[[76957.45,0.03899951],[76957.44,0.00001499],[76956.76,0.12994308],[76955.26,0.25989124],[76954.83,0.00388]],"asks":[[76957.46,0.28150252],[76958,0.0341],[76960,0.0341],[76960.35,0.00012994],[76961.94,0.0781673]]}
{"timestamp":"2026-04-27T15:47:08.595Z","timestampMs":1777304828595,"source":"coinbase","transport":"ws","productId":"BTC-USD","bestBid":76957.45,"bestAsk":76957.46,"bestBidSize":0.04752194,"bestAskSize":0.13554003,"midPrice":76957.455,"spread":0.010000000009313226,"spreadBps":0.00129941927124711,"bids":[[76957.45,0.04752194],[76957.44,0.00368113],[76955.9,0.2],[76955.7,0.2],[76955.26,0.25989124]],"asks":[[76957.46,0.13554003],[76957.47,0.03765753],[76957.48,0.03],[76958,0.0341],[76959.99,0.03918222]]}
{"timestamp":"2026-04-27T15:47:09.611Z","timestampMs":1777304829611,"source":"coinbase","transport":"ws","productId":"BTC-USD","bestBid":76953.6,"bestAsk":76953.61,"bestBidSize":0.03924842,"bestAskSize":0.08832943,"midPrice":76953.60500000001,"spread":0.00999999999476131,"spreadBps":0.00129948427949039,"bids":[[76953.6,0.03924842],[76951,0.00025884],[76950,0.00258869],[76949.76,0.000015],[76949.29,0.1299557]],"asks":[[76953.61,0.08832943],[76953.62,0.06755753],[76953.64,0.03],[76954,0.0341],[76956,0.0341]]}
{"timestamp":"2026-04-27T15:47:10.619Z","timestampMs":1777304830619,"source":"coinbase","transport":"ws","productId":"BTC-USD","bestBid":76959.95,"bestAsk":76959.96,"bestBidSize":5.2e-7,"bestAskSize":0.2979785,"midPrice":76959.955,"spread":0.010000000009313226,"spreadBps":0.001299377060357328,"bids":[[76959.95,5.2e-7],[76959.04,0.03898177],[76954.12,0.09793647],[76954.04,0.12994769],[76954,0.0341]],"asks":[[76959.96,0.2979785],[76959.97,0.03745753],[76959.98,0.03745753],[76959.99,0.03294532],[76960,0.0341]]}
{"timestamp":"2026-04-27T15:47:11.629Z","timestampMs":1777304831629,"source":"coinbase","transport":"ws","productId":"BTC-USD","bestBid":76953.98,"bestAsk":76953.99,"bestBidSize":0.02459981,"bestAskSize":0.20546587,"midPrice":76953.985,"spread":0.010000000009313226,"spreadBps":0.0012994778645073711,"bids":[[76953.98,0.02459981],[76953.79,0.03898434],[76953.6,0.00026379],[76951,0.00025884],[76950.49,0.0994855]],"asks":[[76953.99,0.20546587],[76954,0.0341],[76955.99,0.03745753],[76956,0.0341],[76956.68,0.00012994]]}
{"timestamp":"2026-04-27T15:47:12.647Z","timestampMs":1777304832647,"source":"coinbase","transport":"ws","productId":"BTC-USD","bestBid":76959.94,"bestAsk":76959.95,"bestBidSize":0.84920895,"bestAskSize":0.2394464,"midPrice":76959.945,"spread":0.00999999999476131,"spreadBps":0.0012993772273045816,"bids":[[76959.94,0.84920895],[76959.43,0.04281964],[76957.24,0.00012993],[76956.68,0.23900765],[76956.01,0.12994435]],"asks":[[76959.95,0.2394464],[76959.96,0.03745753],[76959.97,0.03745753],[76959.99,0.03294532],[76962,0.0341]]}
{"timestamp":"2026-04-27T15:47:13.662Z","timestampMs":1777304833662,"source":"coinbase","transport":"ws","productId":"BTC-USD","bestBid":76965.03,"bestAsk":76965.04,"bestBidSize":0.03900177,"bestAskSize":0.23732075,"midPrice":76965.035,"spread":0.00999999999476131,"spreadBps":0.001299291294385991,"bids":[[76965.03,0.03900177],[76965.02,0.52924897],[76965.01,0.8],[76964.99,0.21003531],[76964.78,0.00298231]],"asks":[[76965.04,0.23732075],[76965.09,0.03815753],[76965.1,0.03815753],[76965.11,0.03815753],[76965.12,0.03807253]]}
{"timestamp":"2026-04-27T15:47:14.669Z","timestampMs":1777304834669,"source":"coinbase","transport":"ws","productId":"BTC-USD","bestBid":76968.94,"bestAsk":76968.95,"bestBidSize":0.0151,"bestAskSize":0.03835753,"midPrice":76968.945,"spread":0.00999999999476131,"spreadBps":0.0012992252907664656,"bids":[[76968.94,0.0151],[76968.54,0.1312],[76966,0.0377],[76965.12,0.44822358],[76965.11,0.8]],"asks":[[76968.95,0.03835753],[76968.96,0.03837253],[76969.34,0.02338651],[76969.99,0.03918222],[76970,0.01]]}
{"timestamp":"2026-04-27T15:47:15.673Z","timestampMs":1777304835673,"source":"coinbase","transport":"ws","productId":"BTC-USD","bestBid":76971.17,"bestAsk":76971.18,"bestBidSize":0.03814026,"bestAskSize":0.24739481,"midPrice":76971.17499999999,"spread":0.00999999999476131,"spreadBps":0.0012991876497612659,"bids":[[76971.17,0.03814026],[76971.15,0.8048596],[76970,0.02145744],[76968.95,0.21970499],[76968.94,0.2]],"asks":[[76971.18,0.24739481],[76972,0.0377],[76972.34,0.01559002],[76972.8,0.000015],[76973.86,0.02338472]]}
{"timestamp":"2026-04-27T15:47:16.683Z","timestampMs":1777304836683,"source":"coinbase","transport":"ws","productId":"BTC-USD","bestBid":76971.17,"bestAsk":76971.18,"bestBidSize":0.04697173,"bestAskSize":0.2436234,"midPrice":76971.17499999999,"spread":0.00999999999476131,"spreadBps":0.0012991876497612659,"bids":[[76971.17,0.04697173],[76971.15,0.8048596],[76970,0.01559049],[76968.95,0.21954987],[76968.94,0.2]],"asks":[[76971.18,0.2436234],[76972,0.0377],[76972.34,0.01559002],[76972.8,0.000015],[76973.38,0.02338569]]}
{"timestamp":"2026-04-27T15:47:17.690Z","timestampMs":1777304837690,"source":"coinbase","transport":"ws","productId":"BTC-USD","bestBid":76961.99,"bestAsk":76962,"bestBidSize":0.00025985,"bestAskSize":0.28172097,"midPrice":76961.995,"spread":0.00999999999476131,"spreadBps":0.0012993426164123359,"bids":[[76961.99,0.00025985],[76961.28,0.00001497],[76960.83,0.01559235],[76960.44,0.03898106],[76959.94,0.00002001]],"asks":[[76962,0.28172097],[76963.16,0.01559188],[76964,0.0415],[76964.69,0.00012993],[76966,0.0415]]}
{"timestamp":"2026-04-27T15:47:18.709Z","timestampMs":1777304838709,"source":"coinbase","transport":"ws","productId":"BTC-USD","bestBid":76961.99,"bestAsk":76962,"bestBidSize":0.21004111,"bestAskSize":0.20546587,"midPrice":76961.995,"spread":0.00999999999476131,"spreadBps":0.0012993426164123359,"bids":[[76961.99,0.21004111],[76961.67,0.00025986],[76961.56,0.04537896],[76961.28,0.00001497],[76960.83,0.01559235]],"asks":[[76962,0.20546587],[76963.16,0.01559188],[76964,0.0415],[76964.69,0.00012993],[76964.89,0.02338814]]}
{"timestamp":"2026-04-27T15:47:19.727Z","timestampMs":1777304839727,"source":"coinbase","transport":"ws","productId":"BTC-USD","bestBid":76965.85,"bestAsk":76965.86,"bestBidSize":0.0246,"bestAskSize":0.00012993,"midPrice":76965.85500000001,"spread":0.00999999999476131,"spreadBps":0.001299277451638952,"bids":[[76965.85,0.0246],[76965.7,0.2],[76965.54,0.03897848],[76964,0.0415],[76963.16,0.00032483]],"asks":[[76965.86,0.00012993],[76968,0.0415],[76969.66,0.00045383],[76969.8,0.02338814],[76970,0.0415]]}
{"timestamp":"2026-04-27T15:47:20.747Z","timestampMs":1777304840747,"source":"coinbase","transport":"ws","productId":"BTC-USD","bestBid":76973.83,"bestAsk":76973.84,"bestBidSize":0.03905049,"bestAskSize":0.2537234,"midPrice":76973.83499999999,"spread":0.00999999999476131,"spreadBps":0.0012991427534773746,"bids":[[76973.83,0.03905049],[76972.67,0.01558995],[76972.01,0.09807759],[76972,0.0394],[76971.12,0.00012991]],"asks":[[76973.84,0.2537234],[76975,0.01558948],[76976,0.0394],[76976.64,0.000015],[76977.99,0.01327104]]}
{"timestamp":"2026-04-27T15:47:21.762Z","timestampMs":1777304841762,"source":"coinbase","transport":"ws","productId":"BTC-USD","bestBid":76965.12,"bestAsk":76965.13,"bestBidSize":0.000015,"bestAskSize":0.51962344,"midPrice":76965.125,"spread":0.010000000009313226,"spreadBps":0.0012992897769364014,"bids":[[76965.12,0.000015],[76963.15,0.00002572],[76961.28,0.00001497],[76960.12,0.00025985],[76959.94,0.00002001]],"asks":[[76965.13,0.51962344],[76965.7,0.0779568],[76966,0.0394],[76966.29,0.01559124],[76968,0.0644]]}
{"timestamp":"2026-04-27T15:47:22.770Z","timestampMs":1777304842770,"source":"coinbase","transport":"ws","productId":"BTC-USD","bestBid":76961.28,"bestAsk":76961.29,"bestBidSize":0.00496704,"bestAskSize":0.24678243,"midPrice":76961.285,"spread":0.00999999999476131,"spreadBps":0.001299354603390693,"bids":[[76961.28,0.00496704],[76959.94,0.00250415],[76959.9,0.2],[76959.7,0.2],[76958.75,0.01559277]],"asks":[[76961.29,0.24678243],[76962,0.0394],[76962.45,0.01559202],[76963.99,0.00012993],[76965.33,0.17852655]]}
{"timestamp":"2026-04-27T15:47:23.778Z","timestampMs":1777304843778,"source":"coinbase","transport":"ws","productId":"BTC-USD","bestBid":76961.98,"bestAsk":76961.99,"bestBidSize":0.02459991,"bestAskSize":0.20546587,"midPrice":76961.985,"spread":0.010000000009313226,"spreadBps":0.001299342787132274,"bids":[[76961.98,0.02459991],[76961.06,0.03898074],[76959.69,0.119],[76958.01,0.09808941],[76958,0.0394]],"asks":[[76961.99,0.20546587],[76962,0.0394],[76964,0.0394],[76964.27,0.02338993],[76964.69,0.00012993]]}
{"timestamp":"2026-04-27T15:47:24.784Z","timestampMs":1777304844784,"source":"coinbase","transport":"ws","productId":"BTC-USD","bestBid":76964.68,"bestAsk":76965.99,"bestBidSize":0.03897886,"bestAskSize":0.0497551,"midPrice":76965.33499999999,"spread":1.3100000000122236,"spreadBps":0.1702064962118626,"bids":[[76964.68,0.03897886],[76962.62,0.00001724],[76962,0.0394],[76961.57,0.12993496],[76961.46,0.20579071]],"asks":[[76965.99,0.0497551],[76966,0.0394],[76967.02,0.05142857],[76967.39,0.00012992],[76968,0.0394]]}
{"timestamp":"2026-04-27T15:47:25.788Z","timestampMs":1777304845788,"source":"coinbase","transport":"ws","productId":"BTC-USD","bestBid":76980.35,"bestAsk":76980.36,"bestBidSize":0.20506434,"bestAskSize":0.00753564,"midPrice":76980.35500000001,"spread":0.00999999999476131,"spreadBps":0.0012990327200701154,"bids":[[76980.35,0.20506434],[76980,0.0394],[76979.99,0.14949088],[76978,0.0394],[76976.64,0.00006593]],"asks":[[76980.36,0.00753564],[76980.48,0.000015],[76981.42,0.00373014],[76984.32,0.000015],[76985,0.01]]}
{"timestamp":"2026-04-27T15:47:26.805Z","timestampMs":1777304846805,"source":"coinbase","transport":"ws","productId":"BTC-USD","bestBid":76980.47,"bestAsk":76980.48,"bestBidSize":0.13181769,"bestAskSize":0.000015,"midPrice":76980.475,"spread":0.00999999999476131,"spreadBps":0.0012990306950900613,"bids":[[76980.47,0.13181769],[76980.36,0.45027414],[76980.35,0.19477087],[76980,0.0375],[76979.3,0.2]],"asks":[[76980.48,0.000015],[76981.42,0.00373014],[76982.53,0.01558795],[76984.32,0.000015],[76985,0.01]]}
{"timestamp":"2026-04-27T15:47:27.819Z","timestampMs":1777304847819,"source":"coinbase","transport":"ws","productId":"BTC-USD","bestBid":76980.47,"bestAsk":76980.48,"bestBidSize":0.02464015,"bestAskSize":0.03805753,"midPrice":76980.475,"spread":0.00999999999476131,"spreadBps":0.0012990306950900613,"bids":[[76980.47,0.02464015],[76980.36,0.03897097],[76980.35,0.19477087],[76979.3,0.20543714],[76979.19,0.01920524]],"asks":[[76980.48,0.03805753],[76981.42,0.00373014],[76981.64,0.01558813],[76984,0.0375],[76984.32,0.000015]]}
{"timestamp":"2026-04-27T15:47:28.823Z","timestampMs":1777304848823,"source":"coinbase","transport":"ws","productId":"BTC-USD","bestBid":76983.96,"bestAsk":76983.97,"bestBidSize":0.0246,"bestAskSize":0.2434234,"midPrice":76983.965,"spread":0.00999999999476131,"spreadBps":0.0012989718046818336,"bids":[[76983.96,0.0246],[76983.5,0.03896938],[76982.8,0.0155879],[76982.58,0.01757604],[76981.28,0.00012989]],"asks":[[76983.97,0.2434234],[76983.98,0.03795753],[76983.99,0.03838227],[76984,0.03805753],[76984.32,0.000015]]}
{"timestamp":"2026-04-27T15:47:29.838Z","timestampMs":1777304849838,"source":"coinbase","transport":"ws","productId":"BTC-USD","bestBid":76984.12,"bestAsk":76985.09,"bestBidSize":0.0246,"bestAskSize":0.20546587,"midPrice":76984.605,"spread":0.9700000000011642,"spreadBps":0.12599921763593697,"bids":[[76984.12,0.0246],[76982.96,0.01558787],[76982.46,0.03896991],[76982.01,0.02240695],[76982,0.0375]],"asks":[[76985.09,0.20546587],[76985.1,0.03775753],[76985.12,0.00032474],[76986.26,0.0155872],[76987.67,0.03918222]]}
{"timestamp":"2026-04-27T15:47:30.864Z","timestampMs":1777304850864,"source":"coinbase","transport":"ws","productId":"BTC-USD","bestBid":76983.11,"bestAsk":76985.65,"bestBidSize":0.0246,"bestAskSize":0.20546587,"midPrice":76984.38,"spread":2.539999999993597,"spreadBps":0.3299370599586042,"bids":[[76983.11,0.0246],[76982.14,0.03897007],[76982.11,0.02240704],[76982,0.0375],[76981.95,0.01558807]],"asks":[[76985.65,0.20546587],[76985.66,0.03745753],[76985.67,0.03745753],[76985.68,0.00032474],[76985.7,0.03745753]]}
{"timestamp":"2026-04-27T15:47:31.882Z","timestampMs":1777304851882,"source":"coinbase","transport":"ws","productId":"BTC-USD","bestBid":76983.86,"bestAsk":76983.87,"bestBidSize":0.15579991,"bestAskSize":0.20579061,"midPrice":76983.86499999999,"spread":0.00999999999476131,"spreadBps":0.0012989734920117756,"bids":[[76983.86,0.15579991],[76983.29,0.03282295],[76983.28,0.03896949],[76982.7,0.01558792],[76982.2,0.00025979]],"asks":[[76983.87,0.20579061],[76985.03,0.01558745],[76986,0.0375],[76986.64,0.02338239],[76987.67,0.03918222]]}
{"timestamp":"2026-04-27T15:47:32.888Z","timestampMs":1777304852888,"source":"coinbase","transport":"ws","productId":"BTC-USD","bestBid":76981.98,"bestAsk":76981.99,"bestBidSize":0.02459988,"bestAskSize":0.18367111,"midPrice":76981.985,"spread":0.010000000009313226,"spreadBps":0.0012990052165208815,"bids":[[76981.98,0.02459988],[76981.77,0.41352059],[76981.76,0.00705267],[76980.75,0.00003273],[76980.61,0.01558834]],"asks":[[76981.99,0.18367111],[76983.15,0.01558783],[76984,0.0375],[76984.13,0.0001299],[76986,0.0375]]}
{"timestamp":"2026-04-27T15:47:33.906Z","timestampMs":1777304853906,"source":"coinbase","transport":"ws","productId":"BTC-USD","bestBid":76988.06,"bestAsk":76988.07,"bestBidSize":0.22805032,"bestAskSize":0.23006587,"midPrice":76988.065,"spread":0.010000000009313226,"spreadBps":0.0012989026298184303,"bids":[[76988.06,0.22805032],[76988.02,0.00697601],[76986.84,0.0215549],[76986.64,0.0223875],[76986,0.0375]],"asks":[[76988.07,0.23006587],[76988.16,0.000015],[76989.23,0.0155866],[76990,0.01],[76990.63,0.0233817]]}
{"timestamp":"2026-04-27T15:47:34.922Z","timestampMs":1777304854922,"source":"coinbase","transport":"ws","productId":"BTC-USD","bestBid":76995.83,"bestAsk":76995.84,"bestBidSize":0.36159032,"bestAskSize":0.000015,"midPrice":76995.83499999999,"spread":0.00999999999476131,"spreadBps":0.0012987715497547773,"bids":[[76995.83,0.36159032],[76995.58,0.03896327],[76994.99,0.03083],[76994.67,0.01558549],[76994.01,0.2611875]],"asks":[[76995.84,0.000015],[76999.68,0.000015],[77000,0.01],[77003.52,0.000015],[77005,0.01]]}
{"timestamp":"2026-04-27T15:47:35.933Z","timestampMs":1777304855933,"source":"coinbase","transport":"ws","productId":"BTC-USD","bestBid":77000.82,"bestAsk":77000.83,"bestBidSize":0.13152449,"bestAskSize":0.0246,"midPrice":77000.82500000001,"spread":0.00999999999476131,"spreadBps":0.0012986873835132689,"bids":[[77000.82,0.13152449],[76998.12,0.00012986],[76998.01,0.0223875],[76998,0.0375],[76996.02,0.25975366]],"asks":[[77000.83,0.0246],[77002,0.0375],[77003.52,0.000015],[77004,0.0375],[77005,0.01]]}
{"timestamp":"2026-04-27T15:47:36.946Z","timestampMs":1777304856946,"source":"coinbase","transport":"ws","productId":"BTC-USD","bestBid":77000.82,"bestAsk":77000.83,"bestBidSize":0.23248443,"bestAskSize":0.03735753,"midPrice":77000.82500000001,"spread":0.00999999999476131,"spreadBps":0.0012986873835132689,"bids":[[77000.82,0.23248443],[76998.12,0.00012986],[76998.01,0.0223875],[76998,0.0375],[76996.03,0.46073405]],"asks":[[77000.83,0.03735753],[77002,0.0375],[77003.52,0.000015],[77004,0.0375],[77005,0.01]]}
{"timestamp":"2026-04-27T15:47:37.958Z","timestampMs":1777304857958,"source":"coinbase","transport":"ws","productId":"BTC-USD","bestBid":76994.71,"bestAsk":76994.99,"bestBidSize":0.00416835,"bestAskSize":0.0246,"midPrice":76994.85,"spread":0.27999999999883585,"spreadBps":0.03636606863950457,"bids":[[76994.71,0.00416835],[76994,0.00373123],[76993.65,0.00012987],[76992,0.037515],[76991.96,0.02340728]],"asks":[[76994.99,0.0246],[76995.35,0.0474551],[76996,0.0375],[76996.35,0.03755753],[76996.36,0.19712753]]}
{"timestamp":"2026-04-27T15:47:38.968Z","timestampMs":1777304858968,"source":"coinbase","transport":"ws","productId":"BTC-USD","bestBid":76957.44,"bestAsk":76957.45,"bestBidSize":0.000015,"bestAskSize":0.49623587,"midPrice":76957.445,"spread":0.00999999999476131,"spreadBps":0.0012994194382052716,"bids":[[76957.44,0.000015],[76953.6,0.00001481],[76951,0.00025884],[76950.38,0.03898616],[76950,0.00258869]],"asks":[[76957.45,0.49623587],[76958,0.0356],[76961.07,0.03083],[76961.29,0.00049974],[76961.99,1.31959362]]}
{"timestamp":"2026-04-27T15:47:39.985Z","timestampMs":1777304859985,"source":"coinbase","transport":"ws","productId":"BTC-USD","bestBid":76950.62,"bestAsk":76950.63,"bestBidSize":0.23006587,"bestAskSize":0.03920802,"midPrice":76950.625,"spread":0.010000000009313226,"spreadBps":0.0012995346053801674,"bids":[[76950.62,0.23006587],[76950.36,0.34874696],[76950.31,0.00000454],[76950.3,0.2],[76950.1,0.2]],"asks":[[76950.63,0.03920802],[76950.64,0.03695753],[76950.65,0.03695753],[76950.66,0.03695753],[76950.67,0.03695753]]}
{"timestamp":"2026-04-27T15:47:41.003Z","timestampMs":1777304861003,"source":"coinbase","transport":"ws","productId":"BTC-USD","bestBid":76945.96,"bestAsk":76945.97,"bestBidSize":0.03898827,"bestAskSize":0.24269359,"midPrice":76945.965,"spread":0.00999999999476131,"spreadBps":0.001299613305877873,"bids":[[76945.96,0.03898827],[76945.92,0.000015],[76943.78,0.024],[76943.51,0.19384112],[76943.5,0.124692]],"asks":[[76945.97,0.24269359],[76945.98,0.03705753],[76945.99,0.03705753],[76946,0.03705753],[76948,0.0374]]}
{"timestamp":"2026-04-27T15:47:42.008Z","timestampMs":1777304862008,"source":"coinbase","transport":"ws","productId":"BTC-USD","bestBid":76949.99,"bestAsk":76950,"bestBidSize":0.04607294,"bestAskSize":0.28020653,"midPrice":76949.995,"spread":0.00999999999476131,"spreadBps":0.0012995452429543774,"bids":[[76949.99,0.04607294],[76946.01,0.12482805],[76946,0.13602418],[76945.96,0.00025992],[76945.92,0.000015]],"asks":[[76950,0.28020653],[76950.63,0.00225049],[76952,0.0356],[76953.32,0.00012995],[76953.6,0.03918222]]}
{"timestamp":"2026-04-27T15:47:43.018Z","timestampMs":1777304863018,"source":"coinbase","transport":"ws","productId":"BTC-USD","bestBid":76946.01,"bestAsk":76946.02,"bestBidSize":0.29745421,"bestAskSize":0.00005673,"midPrice":76946.015,"spread":0.010000000009313226,"spreadBps":0.0012996124632722338,"bids":[[76946.01,0.29745421],[76945.96,0.00025992],[76945.92,0.000015],[76944.01,0.25610352],[76944,0.0374]],"asks":[[76946.02,0.00005673],[76946.03,0.20546587],[76948.72,0.00012996],[76950,0.0374],[76950.63,0.00225049]]}
{"timestamp":"2026-04-27T15:47:44.023Z","timestampMs":1777304864023,"source":"coinbase","transport":"ws","productId":"BTC-USD","bestBid":76946.02,"bestAsk":76946.03,"bestBidSize":0.23008304,"bestAskSize":0.01059129,"midPrice":76946.025,"spread":0.00999999999476131,"spreadBps":0.0012996122924818158,"bids":[[76946.02,0.23008304],[76946.01,0.09198824],[76945.92,0.000015],[76944,0.0374],[76943.79,0.09201519]],"asks":[[76946.03,0.01059129],[76948.64,0.03685753],[76948.65,0.03685753],[76948.66,0.03695753],[76948.67,0.03695753]]}
{"timestamp":"2026-04-27T15:47:45.030Z","timestampMs":1777304865030,"source":"coinbase","transport":"ws","productId":"BTC-USD","bestBid":76946.01,"bestAsk":76946.02,"bestBidSize":0.05681271,"bestAskSize":0.03720976,"midPrice":76946.015,"spread":0.010000000009313226,"spreadBps":0.0012996124632722338,"bids":[[76946.01,0.05681271],[76945.92,0.00438645],[76945.38,0.03898869],[76944.85,0.01559559],[76943.78,0.024]],"asks":[[76946.02,0.03720976],[76946.03,0.03675844],[76947.18,0.01559511],[76948,0.0374],[76948.72,0.00012996]]}
{"timestamp":"2026-04-27T15:47:46.039Z","timestampMs":1777304866039,"source":"coinbase","transport":"ws","productId":"BTC-USD","bestBid":76946.01,"bestAsk":76946.02,"bestBidSize":0.00385651,"bestAskSize":0.28652298,"midPrice":76946.015,"spread":0.010000000009313226,"spreadBps":0.0012996124632722338,"bids":[[76946.01,0.00385651],[76945.92,0.00438645],[76944.85,0.01559559],[76944.46,0.03898915],[76943.78,0.024]],"asks":[[76946.02,0.28652298],[76946.03,0.03675844],[76947.18,0.01559511],[76948,0.0374],[76948.72,0.00012996]]}
{"timestamp":"2026-04-27T15:47:47.049Z","timestampMs":1777304867049,"source":"coinbase","transport":"ws","productId":"BTC-USD","bestBid":76939.95,"bestAsk":76939.96,"bestBidSize":0.20560909,"bestAskSize":0.24028471,"midPrice":76939.955,"spread":0.010000000009313226,"spreadBps":0.0012997148242825493,"bids":[[76939.95,0.20560909],[76939.32,0.32255631],[76938.79,0.01559681],[76938.24,0.09723225],[76937.25,0.00012997]],"asks":[[76939.96,0.24028471],[76941.12,0.01559634],[76942,0.0374],[76942.69,0.00012997],[76944,0.0374]]}
{"timestamp":"2026-04-27T15:47:48.062Z","timestampMs":1777304868062,"source":"coinbase","transport":"ws","productId":"BTC-USD","bestBid":76939.95,"bestAsk":76939.96,"bestBidSize":0.21119078,"bestAskSize":0.24250402,"midPrice":76939.955,"spread":0.010000000009313226,"spreadBps":0.0012997148242825493,"bids":[[76939.95,0.21119078],[76939.33,0.04508988],[76939.32,0.32255631],[76938.79,0.01559681],[76938.24,0.09723225]],"asks":[[76939.96,0.24250402],[76941.12,0.01559634],[76942,0.0374],[76942.69,0.00012997],[76944,0.0374]]}
{"timestamp":"2026-04-27T15:47:49.072Z","timestampMs":1777304869072,"source":"coinbase","transport":"ws","productId":"BTC-USD","bestBid":76939.95,"bestAsk":76939.96,"bestBidSize":2.60843374,"bestAskSize":0.23936826,"midPrice":76939.955,"spread":0.010000000009313226,"spreadBps":0.0012997148242825493,"bids":[[76939.95,2.60843374],[76939.33,0.04508988],[76939.32,0.32255631],[76938.79,0.01559681],[76938.24,0.09723225]],"asks":[[76939.96,0.23936826],[76941.12,0.01559634],[76942,0.0374],[76942.69,0.00012997],[76944,0.0374]]}
{"timestamp":"2026-04-27T15:47:50.080Z","timestampMs":1777304870080,"source":"coinbase","transport":"ws","productId":"BTC-USD","bestBid":76943.8,"bestAsk":76943.81,"bestBidSize":0.25042201,"bestAskSize":0.23480712,"midPrice":76943.805,"spread":0.00999999999476131,"spreadBps":0.0012996497891885268,"bids":[[76943.8,0.25042201],[76942.64,0.02156845],[76940.45,0.12997063],[76940,0.0374],[76939.96,1.01513341]],"asks":[[76943.81,0.23480712],[76944,0.0374],[76944.97,0.01559556],[76946,0.0374],[76946.44,0.02339341]]}
{"timestamp":"2026-04-27T15:47:51.093Z","timestampMs":1777304871093,"source":"coinbase","transport":"ws","productId":"BTC-USD","bestBid":76949.58,"bestAsk":76949.59,"bestBidSize":0.03115488,"bestAskSize":0.03502024,"midPrice":76949.58499999999,"spread":0.00999999999476131,"spreadBps":0.0012995521671444119,"bids":[[76949.58,0.03115488],[76949.19,0.03898676],[76948.42,0.01559486],[76946.88,0.00012995],[76946,0.0374]],"asks":[[76949.59,0.03502024],[76949.76,0.000015],[76950,0.0374],[76950.63,0.00225049],[76950.75,0.01559439]]}
{"timestamp":"2026-04-27T15:47:52.098Z","timestampMs":1777304872098,"source":"coinbase","transport":"ws","productId":"BTC-USD","bestBid":76945.5,"bestAsk":76945.51,"bestBidSize":0.081391,"bestAskSize":0.30696349,"midPrice":76945.505,"spread":0.00999999999476131,"spreadBps":0.0012996210753001504,"bids":[[76945.5,0.081391],[76945.3,0.2],[76945.09,0.03898884],[76944.34,0.01559569],[76943.8,0.00015027]],"asks":[[76945.51,0.30696349],[76945.52,0.03735753],[76946,0.0374],[76946.67,0.01559522],[76948,0.0374]]}
{"timestamp":"2026-04-27T15:47:53.116Z","timestampMs":1777304873116,"source":"coinbase","transport":"ws","productId":"BTC-USD","bestBid":76949.75,"bestAsk":76949.76,"bestBidSize":0.00683662,"bestAskSize":0.22993252,"midPrice":76949.755,"spread":0.00999999999476131,"spreadBps":0.001299549296129833,"bids":[[76949.75,0.00683662],[76949.74,0.04589825],[76948.59,0.01559483],[76946.51,0.00012995],[76946,0.0374]],"asks":[[76949.76,0.22993252],[76950.63,0.00225049],[76950.92,0.01559436],[76952,0.0374],[76953.6,0.000015]]}
{"timestamp":"2026-04-27T15:47:54.135Z","timestampMs":1777304874135,"source":"coinbase","transport":"ws","productId":"BTC-USD","bestBid":76946.53,"bestAsk":76946.54,"bestBidSize":0.03913416,"bestAskSize":0.03735753,"midPrice":76946.535,"spread":0.00999999999476131,"spreadBps":0.0012996036786791386,"bids":[[76946.53,0.03913416],[76945.65,0.51453927],[76945.63,0.12996188],[76945.5,0.325],[76945.37,0.01559548]],"asks":[[76946.54,0.03735753],[76946.99,0.20546587],[76947.7,0.01559501],[76948,0.0374],[76949.24,0.00012996]]}
{"timestamp":"2026-04-27T15:47:55.147Z","timestampMs":1777304875147,"source":"coinbase","transport":"ws","productId":"BTC-USD","bestBid":76941.1,"bestAsk":76941.11,"bestBidSize":0.10621612,"bestAskSize":0.2434234,"midPrice":76941.10500000001,"spread":0.00999999999476131,"spreadBps":0.001299695396207438,"bids":[[76941.1,0.10621612],[76940,0.0392],[76939.96,1.47507051],[76939.95,2.60515769],[76939.94,0.01559658]],"asks":[[76941.11,0.2434234],[76942.15,0.00041299],[76942.27,0.01559611],[76943.81,0.00012996],[76944,0.0374]]}
{"timestamp":"2026-04-27T15:47:56.158Z","timestampMs":1777304876158,"source":"coinbase","transport":"ws","productId":"BTC-USD","bestBid":76943.8,"bestAsk":76943.81,"bestBidSize":5.4e-7,"bestAskSize":0.2906151,"midPrice":76943.805,"spread":0.00999999999476131,"spreadBps":0.0012996497891885268,"bids":[[76943.8,5.4e-7],[76943.39,0.0389897],[76942.23,0.01559612],[76941.1,0.07512996],[76940.08,0.12997126]],"asks":[[76943.81,0.2906151],[76944,0.0392],[76944.97,0.01559556],[76945,0.5],[76945.76,0.03918222]]}
{"timestamp":"2026-04-27T15:47:57.173Z","timestampMs":1777304877173,"source":"coinbase","transport":"ws","productId":"BTC-USD","bestBid":76943.37,"bestAsk":76943.38,"bestBidSize":0.00681092,"bestAskSize":0.26676047,"midPrice":76943.375,"spread":0.010000000009313226,"spreadBps":0.001299657054205541,"bids":[[76943.37,0.00681092],[76942.21,0.0204525],[76941.94,0.03899043],[76941.1,0.07512996],[76940.08,0.12997126]],"asks":[[76943.38,0.26676047],[76943.39,0.03795753],[76943.4,0.03795753],[76943.46,0.00039798],[76944,0.0392]]}
{"timestamp":"2026-04-27T15:47:58.188Z","timestampMs":1777304878188,"source":"coinbase","transport":"ws","productId":"BTC-USD","bestBid":76942.21,"bestAsk":76942.22,"bestBidSize":0.80001725,"bestAskSize":0.20546587,"midPrice":76942.215,"spread":0.00999999999476131,"spreadBps":0.0012996766462677622,"bids":[[76942.21,0.80001725],[76942.03,0.03899039],[76941.05,0.01559636],[76939.96,1.21242942],[76939.95,2.60515769]],"asks":[[76942.22,0.20546587],[76943.38,0.01559588],[76943.53,0.00041098],[76944.92,0.00012996],[76946,0.0392]]}
{"timestamp":"2026-04-27T15:47:59.205Z","timestampMs":1777304879205,"source":"coinbase","transport":"ws","productId":"BTC-USD","bestBid":76942.21,"bestAsk":76942.22,"bestBidSize":1.00550178,"bestAskSize":0.24333724,"midPrice":76942.215,"spread":0.00999999999476131,"spreadBps":0.0012996766462677622,"bids":[[76942.21,1.00550178],[76942.15,0.03899032],[76941.05,0.02002188],[76939.96,1.21242942],[76939.95,2.60515769]],"asks":[[76942.22,0.24333724],[76943.38,0.01559588],[76943.49,0.00041098],[76944,0.0392],[76944.92,0.00012996]]}
{"timestamp":"2026-04-27T15:48:00.223Z","timestampMs":1777304880223,"source":"coinbase","transport":"ws","productId":"BTC-USD","bestBid":76942.21,"bestAsk":76942.22,"bestBidSize":1.0055013,"bestAskSize":0.24333724,"midPrice":76942.215,"spread":0.00999999999476131,"spreadBps":0.0012996766462677622,"bids":[[76942.21,1.0055013],[76942.15,0.04289993],[76941.05,0.01559636],[76939.96,1.21242942],[76939.95,2.60515769]],"asks":[[76942.22,0.24333724],[76943.38,0.01559588],[76944,0.0392],[76944.92,0.00012996],[76946,0.0392]]}
{"timestamp":"2026-04-27T15:48:01.237Z","timestampMs":1777304881237,"source":"coinbase","transport":"ws","productId":"BTC-USD","bestBid":76926.73,"bestAsk":76926.74,"bestBidSize":0.00001,"bestAskSize":0.36503587,"midPrice":76926.735,"spread":0.010000000009313226,"spreadBps":0.0012999381826504434,"bids":[[76926.73,0.00001],[76926.72,0.000015],[76922.88,0.000015],[76921.99,0.05],[76919.04,0.000015]],"asks":[[76926.74,0.36503587],[76928,0.0429],[76928.78,0.03918222],[76930,0.0429],[76932,0.0429]]}
{"timestamp":"2026-04-27T15:48:02.251Z","timestampMs":1777304882251,"source":"coinbase","transport":"ws","productId":"BTC-USD","bestBid":76927.98,"bestAsk":76927.99,"bestBidSize":0.0245999,"bestAskSize":0.24454838,"midPrice":76927.985,"spread":0.010000000009313226,"spreadBps":0.0012999170600027058,"bids":[[76927.98,0.0245999],[76926.02,0.12999502],[76925.99,0.20576647],[76924.86,0.02074334],[76924,0.0429]],"asks":[[76927.99,0.24454838],[76928,0.08165753],[76930,0.0429],[76930.69,0.00012999],[76932,0.0429]]}
{"timestamp":"2026-04-27T15:48:03.264Z","timestampMs":1777304883264,"source":"coinbase","transport":"ws","productId":"BTC-USD","bestBid":76942.42,"bestAsk":76942.43,"bestBidSize":0.00014464,"bestAskSize":0.23006587,"midPrice":76942.42499999999,"spread":0.00999999999476131,"spreadBps":0.001299673099042734,"bids":[[76942.42,0.00014464],[76941.65,0.00001716],[76941.5,0.2],[76941.3,0.2],[76940.98,0.12996973]],"asks":[[76942.43,0.23006587],[76944,0.0429],[76945.13,0.00761284],[76945.47,0.02339539],[76945.92,0.000015]]}
{"timestamp":"2026-04-27T15:48:04.270Z","timestampMs":1777304884270,"source":"coinbase","transport":"ws","productId":"BTC-USD","bestBid":76937.41,"bestAsk":76937.42,"bestBidSize":6.9e-7,"bestAskSize":0.2682234,"midPrice":76937.41500000001,"spread":0.00999999999476131,"spreadBps":0.0012997577309767049,"bids":[[76937.41,6.9e-7],[76937.01,0.11947759],[76937,0.2],[76934.71,0.00012997],[76934.4,0.000015]],"asks":[[76937.42,0.2682234],[76938,0.0429],[76940,0.0429],[76941.31,0.1312],[76941.74,0.02339539]]}
{"timestamp":"2026-04-27T15:48:05.288Z","timestampMs":1777304885288,"source":"coinbase","transport":"ws","productId":"BTC-USD","bestBid":76945.07,"bestAsk":76945.08,"bestBidSize":0.03898885,"bestAskSize":0.03795753,"midPrice":76945.07500000001,"spread":0.00999999999476131,"spreadBps":0.0012996283381049804,"bids":[[76945.07,0.03898885],[76943.98,0.00001702],[76943.97,0.00953721],[76942,0.0429],[76941.51,0.1349453]],"asks":[[76945.08,0.03795753],[76945.11,0.03805753],[76945.12,0.03838244],[76945.13,0.01837328],[76945.92,0.000015]]}
{"timestamp":"2026-04-27T15:48:06.307Z","timestampMs":1777304886307,"source":"coinbase","transport":"ws","productId":"BTC-USD","bestBid":76944.65,"bestAsk":76944.66,"bestBidSize":0.04692877,"bestAskSize":0.03453144,"midPrice":76944.655,"spread":0.010000000009313226,"spreadBps":0.0012996354339769572,"bids":[[76944.65,0.04692877],[76942.37,0.00012996],[76942,0.0429],[76941.51,0.1349453],[76940.71,0.12997019]],"asks":[[76944.66,0.03453144],[76945.92,0.000015],[76948,0.0407],[76949.76,0.000015],[76950,0.0529]]}
{"timestamp":"2026-04-27T15:48:07.320Z","timestampMs":1777304887320,"source":"coinbase","transport":"ws","productId":"BTC-USD","bestBid":76941.5,"bestAsk":76941.51,"bestBidSize":0.2,"bestAskSize":0.20579079,"midPrice":76941.505,"spread":0.00999999999476131,"spreadBps":0.00129968863941007,"bids":[[76941.5,0.2],[76941.38,0.03899072],[76941.3,0.2],[76940,0.0407],[76938.99,0.00012996]],"asks":[[76941.51,0.20579079],[76944,0.0407],[76944.45,0.02339268],[76945.66,0.00012996],[76945.92,0.000015]]}
{"timestamp":"2026-04-27T15:48:08.333Z","timestampMs":1777304888333,"source":"coinbase","transport":"ws","productId":"BTC-USD","bestBid":76941.5,"bestAsk":76941.51,"bestBidSize":0.17490971,"bestAskSize":0.24374832,"midPrice":76941.505,"spread":0.00999999999476131,"spreadBps":0.00129968863941007,"bids":[[76941.5,0.17490971],[76941.38,0.04415052],[76941.31,0.14377549],[76941.3,0.2],[76940.47,0.00025993]],"asks":[[76941.51,0.24374832],[76943.02,0.05661384],[76944,0.0407],[76944.21,0.00012996],[76945.92,0.000015]]}
{"timestamp":"2026-04-27T15:48:09.368Z","timestampMs":1777304889368,"source":"coinbase","transport":"ws","productId":"BTC-USD","bestBid":76941.38,"bestAsk":76941.39,"bestBidSize":0.0051598,"bestAskSize":0.24586,"midPrice":76941.38500000001,"spread":0.00999999999476131,"spreadBps":0.0012996906664419037,"bids":[[76941.38,0.0051598],[76941.3,0.2],[76938.99,0.00012996],[76938.13,0.03851549],[76936,0.0407]],"asks":[[76941.39,0.24586],[76941.5,0.08946148],[76941.51,0.23754649],[76942,0.0407],[76943.02,0.05661384]]}
{"timestamp":"2026-04-27T15:48:10.377Z","timestampMs":1777304890377,"source":"coinbase","transport":"ws","productId":"BTC-USD","bestBid":76942.07,"bestAsk":76942.08,"bestBidSize":0.26938086,"bestAskSize":0.00046487,"midPrice":76942.07500000001,"spread":0.00999999999476131,"spreadBps":0.0012996790110952048,"bids":[[76942.07,0.26938086],[76941.51,0.24180893],[76941.5,0.2],[76941.3,0.2],[76939.99,0.00491012]],"asks":[[76942.08,0.00046487],[76943.02,0.05661384],[76944,0.0407],[76944.77,0.00012996],[76945,0.01]]}
{"timestamp":"2026-04-27T15:48:11.392Z","timestampMs":1777304891392,"source":"coinbase","transport":"ws","productId":"BTC-USD","bestBid":76943.01,"bestAsk":76943.02,"bestBidSize":0.41931988,"bestAskSize":0.08895088,"midPrice":76943.015,"spread":0.010000000009313226,"spreadBps":0.0012996631350244367,"bids":[[76943.01,0.41931988],[76942.08,0.43036206],[76942.07,0.2],[76942,0.0407],[76941.85,0.01559619]],"asks":[[76943.02,0.08895088],[76944.18,0.01559572],[76945,0.01],[76945.72,0.00012996],[76945.92,0.000015]]}
{"timestamp":"2026-04-27T15:48:12.405Z","timestampMs":1777304892405,"source":"coinbase","transport":"ws","productId":"BTC-USD","bestBid":76930.56,"bestAsk":76936.17,"bestBidSize":0.00001495,"bestAskSize":0.0246,"midPrice":76933.36499999999,"spread":5.610000000000582,"spreadBps":0.729202472815349,"bids":[[76930.56,0.00001495],[76930,0.1719],[76928.37,0.03918222],[76928,0.0429],[76926.72,0.000015]],"asks":[[76936.17,0.0246],[76937.16,0.04862296],[76937.17,0.04856148],[76937.33,0.00046044],[76937.55,0.00034533]]}
{"timestamp":"2026-04-27T15:48:13.418Z","timestampMs":1777304893418,"source":"coinbase","transport":"ws","productId":"BTC-USD","bestBid":76927.38,"bestAsk":76927.39,"bestBidSize":0.22461467,"bestAskSize":0.20551141,"midPrice":76927.38500000001,"spread":0.00999999999476131,"spreadBps":0.001299927196896308,"bids":[[76927.38,0.22461467],[76926.42,0.0768624],[76926.41,0.10535081],[76926.24,0.02339752],[76926.22,0.01559936]],"asks":[[76927.39,0.20551141],[76928,0.0407],[76928.55,0.01559889],[76930,0.0407],[76930.68,0.00012999]]}
{"timestamp":"2026-04-27T15:48:14.431Z","timestampMs":1777304894431,"source":"coinbase","transport":"ws","productId":"BTC-USD","bestBid":76921.06,"bestAsk":76921.98,"bestBidSize":0.23006587,"bestAskSize":0.04821835,"midPrice":76921.51999999999,"spread":0.9199999999982538,"spreadBps":0.11960242075276904,"bids":[[76921.06,0.23006587],[76919.07,0.11916413],[76919.04,0.000015],[76918.8,0.025],[76917.55,0.00388]],"asks":[[76921.98,0.04821835],[76922,0.0407],[76923.52,0.00010653],[76924,0.0407],[76926.23,0.00012999]]}
{"timestamp":"2026-04-27T15:48:15.446Z","timestampMs":1777304895446,"source":"coinbase","transport":"ws","productId":"BTC-USD","bestBid":76911.99,"bestAsk":76912,"bestBidSize":0.00426375,"bestAskSize":0.31037617,"midPrice":76911.995,"spread":0.00999999999476131,"spreadBps":0.0013001873108039015,"bids":[[76911.99,0.00426375],[76911.36,0.00604075],[76908.58,0.02310397],[76908,0.0387],[76907.99,1.1e-7]],"asks":[[76912,0.31037617],[76914,0.0387],[76914.69,0.00013001],[76918.33,0.00016252],[76919.98,0.04]]}
{"timestamp":"2026-04-27T15:48:16.457Z","timestampMs":1777304896457,"source":"coinbase","transport":"ws","productId":"BTC-USD","bestBid":76911.97,"bestAsk":76911.98,"bestBidSize":0.0246,"bestAskSize":0.04728455,"midPrice":76911.975,"spread":0.00999999999476131,"spreadBps":0.0013001876489013979,"bids":[[76911.97,0.0246],[76910.63,0.0390063],[76910.01,0.20546587],[76908.67,0.00032506],[76906.26,0.20147209]],"asks":[[76911.98,0.04728455],[76911.99,0.03918222],[76912,0.0387],[76914,0.0387],[76914.45,0.00053029]]}
{"timestamp":"2026-04-27T15:48:17.476Z","timestampMs":1777304897476,"source":"coinbase","transport":"ws","productId":"BTC-USD","bestBid":76908.21,"bestAsk":76908.22,"bestBidSize":0.27974141,"bestAskSize":0.00002865,"midPrice":76908.215,"spread":0.00999999999476131,"spreadBps":0.0013002512143548397,"bids":[[76908.21,0.27974141],[76907.06,0.03635345],[76907.05,0.02219355],[76904,0.0387],[76903.74,0.00084521]],"asks":[[76908.22,0.00002865],[76909.91,0.03645753],[76909.92,0.03645753],[76909.93,0.03645753],[76909.94,0.03645753]]}
{"timestamp":"2026-04-27T15:48:18.490Z","timestampMs":1777304898490,"source":"coinbase","transport":"ws","productId":"BTC-USD","bestBid":76905.97,"bestAsk":76905.98,"bestBidSize":0.02461456,"bestAskSize":0.24174215,"midPrice":76905.975,"spread":0.00999999999476131,"spreadBps":0.0013002890860900353,"bids":[[76905.97,0.02461456],[76903.74,0.00084521],[76903.68,0.000015],[76902,0.0387],[76901.59,0.13003631]],"asks":[[76905.98,0.24174215],[76905.99,0.03625753],[76906,0.0387],[76908,0.0387],[76908.68,0.00013003]]}
{"timestamp":"2026-04-27T15:48:19.507Z","timestampMs":1777304899507,"source":"coinbase","transport":"ws","productId":"BTC-USD","bestBid":76908.55,"bestAsk":76908.56,"bestBidSize":0.0246,"bestAskSize":0.20579093,"midPrice":76908.555,"spread":0.00999999999476131,"spreadBps":0.0013002454661592993,"bids":[[76908.55,0.0246],[76908.09,0.03552056],[76907.08,0.16869126],[76906,0.0368],[76905.99,0.02235872]],"asks":[[76908.56,0.20579093],[76908.59,0.03615753],[76908.6,0.03615753],[76908.61,0.03615753],[76908.64,5.3e-7]]}
{"timestamp":"2026-04-27T15:48:20.523Z","timestampMs":1777304900523,"source":"coinbase","transport":"ws","productId":"BTC-USD","bestBid":76903.74,"bestAsk":76903.75,"bestBidSize":0.80075242,"bestAskSize":0.24234848,"midPrice":76903.745,"spread":0.00999999999476131,"spreadBps":0.0013003267909464371,"bids":[[76903.74,0.80075242],[76903.68,0.000015],[76902.86,0.03901025],[76901,0.1299171],[76900.01,1.42797497]],"asks":[[76903.75,0.24234848],[76903.79,0.03615753],[76903.81,0.04679878],[76904,0.0368],[76906,1.0368]]}
{"timestamp":"2026-04-27T15:48:21.536Z","timestampMs":1777304901536,"source":"coinbase","transport":"ws","productId":"BTC-USD","bestBid":76903.75,"bestAsk":76903.76,"bestBidSize":0.01116425,"bestAskSize":0.07643975,"midPrice":76903.755,"spread":0.00999999999476131,"spreadBps":0.0013003266218614825,"bids":[[76903.75,0.01116425],[76903.74,0.83036735],[76903.68,0.000015],[76902.42,0.03901047],[76901.05,0.00013003]],"asks":[[76903.76,0.07643975],[76903.77,0.03725753],[76903.78,0.03715753],[76903.79,0.03615753],[76903.81,0.04679878]]}
{"timestamp":"2026-04-27T15:48:22.550Z","timestampMs":1777304902550,"source":"coinbase","transport":"ws","productId":"BTC-USD","bestBid":76903.75,"bestAsk":76903.76,"bestBidSize":0.35704203,"bestAskSize":0.03554238,"midPrice":76903.755,"spread":0.00999999999476131,"spreadBps":0.0013003266218614825,"bids":[[76903.75,0.35704203],[76903.74,0.80536735],[76903.68,0.000015],[76903.56,0.03900989],[76901.05,0.00013003]],"asks":[[76903.76,0.03554238],[76903.77,0.03725753],[76903.78,0.03715753],[76903.79,0.03615753],[76903.81,0.04679878]]}
{"timestamp":"2026-04-27T15:48:23.554Z","timestampMs":1777304903554,"source":"coinbase","transport":"ws","productId":"BTC-USD","bestBid":76896,"bestAsk":76898.09,"bestBidSize":0.000015,"bestAskSize":0.20926679,"midPrice":76897.045,"spread":2.0899999999965075,"spreadBps":0.271791978481944,"bids":[[76896,0.000015],[76895.5,0.2],[76895.3,0.2],[76893.82,0.0164],[76892.26,0.03901562]],"asks":[[76898.09,0.20926679],[76898.8,0.03965753],[76898.81,0.03965753],[76898.82,0.1312],[76898.83,0.06604179]]}
{"timestamp":"2026-04-27T15:48:24.566Z","timestampMs":1777304904566,"source":"coinbase","transport":"ws","productId":"BTC-USD","bestBid":76896.11,"bestAsk":76897.92,"bestBidSize":0.0001503,"bestAskSize":0.03945753,"midPrice":76897.015,"spread":1.8099999999976717,"spreadBps":0.2353797478351626,"bids":[[76896.11,0.0001503],[76895.25,0.0390141],[76894,0.0429],[76893.99,0.08414599],[76892.05,0.16468391]],"asks":[[76897.92,0.03945753],[76897.93,0.2449234],[76897.94,0.03945753],[76897.95,0.03945753],[76897.96,0.03945753]]}
{"timestamp":"2026-04-27T15:48:25.596Z","timestampMs":1777304905596,"source":"coinbase","transport":"ws","productId":"BTC-USD","bestBid":76896.11,"bestAsk":76897.4,"bestBidSize":0.00014999,"bestAskSize":0.2447234,"midPrice":76896.755,"spread":1.2899999999935972,"spreadBps":0.1677574040664781,"bids":[[76896.11,0.00014999],[76895.37,0.0035298],[76895.31,0.03901407],[76893.99,0.09304186],[76892.05,0.16468391]],"asks":[[76897.4,0.2447234],[76897.41,0.03925753],[76897.42,0.03925753],[76897.43,0.03925753],[76897.44,0.03925753]]}
{"timestamp":"2026-04-27T15:48:26.607Z","timestampMs":1777304906607,"source":"coinbase","transport":"ws","productId":"BTC-USD","bestBid":76889.01,"bestAsk":76891.97,"bestBidSize":0.02340763,"bestAskSize":0.20546587,"midPrice":76890.48999999999,"spread":2.960000000006403,"spreadBps":0.38496308191122247,"bids":[[76889.01,0.02340763],[76888.32,0.000015],[76888,0.0429],[76886.58,0.31266606],[76886.57,0.26012343]],"asks":[[76891.97,0.20546587],[76891.98,0.03905753],[76891.99,0.20546587],[76892,0.0429],[76894,0.0429]]}
{"timestamp":"2026-04-27T15:48:27.618Z","timestampMs":1777304907618,"source":"coinbase","transport":"ws","productId":"BTC-USD","bestBid":76899.51,"bestAsk":76899.78,"bestBidSize":0.03901195,"bestAskSize":0.2441234,"midPrice":76899.64499999999,"spread":0.27000000000407454,"spreadBps":0.035110695244961736,"bids":[[76899.51,0.03901195],[76898.95,0.026],[76898.67,0.00505476],[76896.23,0.13004537],[76896.2,0.00013003]],"asks":[[76899.78,0.2441234],[76899.79,0.03865753],[76899.84,0.03865753],[76899.85,0.03865753],[76899.86,0.03865753]]}
{"timestamp":"2026-04-27T15:48:28.623Z","timestampMs":1777304908623,"source":"coinbase","transport":"ws","productId":"BTC-USD","bestBid":76903.2,"bestAsk":76903.5,"bestBidSize":0.03901008,"bestAskSize":0.24369466,"midPrice":76903.35,"spread":0.3000000000029104,"spreadBps":0.039010004115933875,"bids":[[76903.2,0.03901008],[76903.19,0.00008474],[76903.18,0.01196914],[76903.14,0.00001482],[76902.33,0.01560421]],"asks":[[76903.5,0.24369466],[76903.51,0.03835753],[76903.52,0.03835753],[76903.53,0.03835753],[76903.54,0.03835753]]}
{"timestamp":"2026-04-27T15:48:29.635Z","timestampMs":1777304909635,"source":"coinbase","transport":"ws","productId":"BTC-USD","bestBid":76903.49,"bestAsk":76903.5,"bestBidSize":0.08275063,"bestAskSize":0.2438234,"midPrice":76903.495,"spread":0.00999999999476131,"spreadBps":0.0013003310180845892,"bids":[[76903.49,0.08275063],[76903.2,8e-8],[76903.14,0.00001482],[76902.33,0.02373263],[76901.43,0.03901097]],"asks":[[76903.5,0.2438234],[76903.51,0.03835753],[76903.52,0.03835753],[76903.53,0.03835753],[76903.54,0.03835753]]}
{"timestamp":"2026-04-27T15:48:30.648Z","timestampMs":1777304910648,"source":"coinbase","transport":"ws","productId":"BTC-USD","bestBid":76903.49,"bestAsk":76903.5,"bestBidSize":0.06698329,"bestAskSize":0.21727526,"midPrice":76903.495,"spread":0.00999999999476131,"spreadBps":0.0013003310180845892,"bids":[[76903.49,0.06698329],[76903.2,8e-8],[76903.14,0.00001482],[76902.33,0.01560421],[76902.16,0.00493209]],"asks":[[76903.5,0.21727526],[76903.51,0.03835753],[76903.52,0.03835753],[76903.53,0.03835753],[76903.54,0.03835753]]}
{"timestamp":"2026-04-27T15:48:31.660Z","timestampMs":1777304911660,"source":"coinbase","transport":"ws","productId":"BTC-USD","bestBid":76903.49,"bestAsk":76903.5,"bestBidSize":0.06579892,"bestAskSize":0.21695343,"midPrice":76903.495,"spread":0.00999999999476131,"spreadBps":0.0013003310180845892,"bids":[[76903.49,0.06579892],[76903.2,8e-8],[76903.14,0.00001482],[76902.33,0.02373263],[76901.08,0.03901115]],"asks":[[76903.5,0.21695343],[76903.51,0.03835753],[76903.52,0.03835753],[76903.53,0.03835753],[76903.54,0.03835753]]}
{"timestamp":"2026-04-27T15:48:32.674Z","timestampMs":1777304912674,"source":"coinbase","transport":"ws","productId":"BTC-USD","bestBid":76901.99,"bestAsk":76902,"bestBidSize":0.03901069,"bestAskSize":0.20546587,"midPrice":76901.995,"spread":0.00999999999476131,"spreadBps":0.0013003563814906636,"bids":[[76901.99,0.03901069],[76900.58,0.13003802],[76899.9,0.127],[76899.71,0.2939282],[76899.7,0.19999999]],"asks":[[76902,0.20546587],[76903.68,0.000015],[76904,0.0429],[76905,0.01],[76906,0.0429]]}
{"timestamp":"2026-04-27T15:48:33.687Z","timestampMs":1777304913687,"source":"coinbase","transport":"ws","productId":"BTC-USD","bestBid":76899.7,"bestAsk":76899.71,"bestBidSize":0.20655927,"bestAskSize":0.4032934,"midPrice":76899.705,"spread":0.010000000009313226,"spreadBps":0.0013003951067579811,"bids":[[76899.7,0.20655927],[76899.5,0.2],[76897.75,0.03901284],[76897.02,0.00013003],[76894.79,0.00016254]],"asks":[[76899.71,0.4032934],[76899.72,0.03825753],[76899.73,0.03825753],[76899.74,0.03825753],[76899.75,0.03825753]]}
{"timestamp":"2026-04-27T15:48:34.701Z","timestampMs":1777304914701,"source":"coinbase","transport":"ws","productId":"BTC-USD","bestBid":76887.98,"bestAsk":76887.99,"bestBidSize":0.22351295,"bestAskSize":0.07723975,"midPrice":76887.985,"spread":0.010000000009313226,"spreadBps":0.0013005933253827924,"bids":[[76887.98,0.22351295],[76886,0.0429],[76885.6,0.01332442],[76885.58,0.0219938],[76884.48,0.00001486]],"asks":[[76887.99,0.07723975],[76889.97,0.00013006],[76890,0.0429],[76892,0.5429],[76893.61,0.00016257]]}
{"timestamp":"2026-04-27T15:48:35.709Z","timestampMs":1777304915709,"source":"coinbase","transport":"ws","productId":"BTC-USD","bestBid":76896,"bestAsk":76896.01,"bestBidSize":0.04922257,"bestAskSize":0.0372531,"midPrice":76896.005,"spread":0.00999999999476131,"spreadBps":0.001300457675891135,"bids":[[76896,0.04922257],[76894.89,0.02562271],[76894,0.0429],[76892.83,0.13005112],[76892,0.0429]],"asks":[[76896.01,0.0372531],[76898,0.0429],[76898.7,0.00013004],[76899.84,0.000015],[76900,0.0529]]}
{"timestamp":"2026-04-27T15:48:36.719Z","timestampMs":1777304916719,"source":"coinbase","transport":"ws","productId":"BTC-USD","bestBid":76896,"bestAsk":76896.01,"bestBidSize":0.17664869,"bestAskSize":0.21729442,"midPrice":76896.005,"spread":0.00999999999476131,"spreadBps":0.001300457675891135,"bids":[[76896,0.17664869],[76895.07,0.00465481],[76894.18,0.03901465],[76894,0.0429],[76893.31,0.00013004]],"asks":[[76896.01,0.21729442],[76898,0.0429],[76898.7,0.00013004],[76899.84,0.000015],[76900,0.0529]]}
{"timestamp":"2026-04-27T15:48:37.728Z","timestampMs":1777304917728,"source":"coinbase","transport":"ws","productId":"BTC-USD","bestBid":76883.02,"bestAsk":76883.99,"bestBidSize":0.01488033,"bestAskSize":0.20546587,"midPrice":76883.505,"spread":0.9700000000011642,"spreadBps":0.1261649036423566,"bids":[[76883.02,0.01488033],[76883.01,0.0246],[76882.01,0.00032517],[76880.64,0.12101728],[76880.51,0.13007197]],"asks":[[76883.99,0.20546587],[76884,0.0429],[76886,0.0429],[76888,0.0429],[76888.17,0.03226711]]}
{"timestamp":"2026-04-27T15:48:38.745Z","timestampMs":1777304918745,"source":"coinbase","transport":"ws","productId":"BTC-USD","bestBid":76883.83,"bestAsk":76883.84,"bestBidSize":0.04619536,"bestAskSize":0.24282254,"midPrice":76883.83499999999,"spread":0.00999999999476131,"spreadBps":0.0013006635263136017,"bids":[[76883.83,0.04619536],[76882.49,0.02959426],[76882.13,0.20546587],[76880.75,0.13007157],[76880.64,0.000015]],"asks":[[76883.84,0.24282254],[76883.85,0.03745753],[76883.86,0.03745753],[76883.87,0.03745753],[76883.88,0.03745753]]}
{"timestamp":"2026-04-27T15:48:39.757Z","timestampMs":1777304919757,"source":"coinbase","transport":"ws","productId":"BTC-USD","bestBid":76884,"bestAsk":76884.01,"bestBidSize":0.00603091,"bestAskSize":0.35265963,"midPrice":76884.005,"spread":0.00999999999476131,"spreadBps":0.0013006606503864243,"bids":[[76884,0.00603091],[76883.83,0.00001482],[76881.95,0.02341008],[76881.53,0.1692797],[76881.52,0.26014051]],"asks":[[76884.01,0.35265963],[76886,0.0429],[76886.7,0.00013006],[76888,0.5429],[76890,0.0428683]]}
{"timestamp":"2026-04-27T15:48:40.767Z","timestampMs":1777304920767,"source":"coinbase","transport":"ws","productId":"BTC-USD","bestBid":76889.9,"bestAsk":76889.91,"bestBidSize":0.2,"bestAskSize":0.2427234,"midPrice":76889.905,"spread":0.010000000009313226,"spreadBps":0.0013005608485682518,"bids":[[76889.9,0.2],[76889.74,0.0390169],[76889.7,0.2],[76889.31,0.00013005],[76888,0.0407]],"asks":[[76889.91,0.2427234],[76892,0.0407],[76892.16,0.000015],[76894,0.0407],[76895,0.01]]}
{"timestamp":"2026-04-27T15:48:41.785Z","timestampMs":1777304921785,"source":"coinbase","transport":"ws","productId":"BTC-USD","bestBid":76889.9,"bestAsk":76889.91,"bestBidSize":0.2422511,"bestAskSize":0.24257392,"midPrice":76889.905,"spread":0.010000000009313226,"spreadBps":0.0013005608485682518,"bids":[[76889.9,0.2422511],[76889.7,0.20299627],[76887.21,0.00013005],[76886,0.13006269],[76884.03,0.00026011]],"asks":[[76889.91,0.24257392],[76892,0.5407],[76892.16,0.000015],[76892.6,0.00013005],[76894,1.0407]]}
{"timestamp":"2026-04-27T15:48:42.800Z","timestampMs":1777304922800,"source":"coinbase","transport":"ws","productId":"BTC-USD","bestBid":76890.26,"bestAsk":76890.27,"bestBidSize":0.04526183,"bestAskSize":0.2427234,"midPrice":76890.265,"spread":0.010000000009313226,"spreadBps":0.0013005547593460923,"bids":[[76890.26,0.04526183],[76889.9,0.19999934],[76889.7,0.2],[76889.34,0.01560684],[76887.69,0.02340914]],"asks":[[76890.27,0.2427234],[76890.28,0.03725753],[76890.29,0.03725753],[76890.31,0.03725753],[76890.32,0.03725753]]}
{"timestamp":"2026-04-27T15:48:43.816Z","timestampMs":1777304923816,"source":"coinbase","transport":"ws","productId":"BTC-USD","bestBid":76890.26,"bestAsk":76890.27,"bestBidSize":0.84522716,"bestAskSize":0.03662571,"midPrice":76890.265,"spread":0.010000000009313226,"spreadBps":0.0013005547593460923,"bids":[[76890.26,0.84522716],[76889.9,0.19999934],[76889.7,0.2],[76889.34,0.01560684],[76887.69,0.02340914]],"asks":[[76890.27,0.03662571],[76890.28,0.03725753],[76890.29,0.03725753],[76890.31,0.03725753],[76890.32,0.03725753]]}
{"timestamp":"2026-04-27T15:48:44.828Z","timestampMs":1777304924828,"source":"coinbase","transport":"ws","productId":"BTC-USD","bestBid":76894.76,"bestAsk":76894.77,"bestBidSize":0.03901435,"bestAskSize":0.013,"midPrice":76894.765,"spread":0.010000000009313226,"spreadBps":0.001300478648879833,"bids":[[76894.76,0.03901435],[76892.17,0.00032513],[76892.16,0.000015],[76892,0.0429],[76891.7,0.13005303]],"asks":[[76894.77,0.013],[76895,0.5],[76895.7,0.03918222],[76896,0.0429],[76898,1.0429]]}
{"timestamp":"2026-04-27T15:48:45.834Z","timestampMs":1777304925834,"source":"coinbase","transport":"ws","productId":"BTC-USD","bestBid":76889.98,"bestAsk":76889.99,"bestBidSize":0.0246,"bestAskSize":0.20546587,"midPrice":76889.985,"spread":0.010000000009313226,"spreadBps":0.0013005594954028441,"bids":[[76889.98,0.0246],[76889.11,0.2473857],[76889.1,0.13005744],[76887.14,0.26012149],[76886.55,0.02340888]],"asks":[[76889.99,0.20546587],[76892,0.0429],[76892.67,0.00013005],[76894,0.0429],[76895.7,0.03918222]]}
{"timestamp":"2026-04-27T15:48:46.849Z","timestampMs":1777304926849,"source":"coinbase","transport":"ws","productId":"BTC-USD","bestBid":76890.01,"bestAsk":76891.44,"bestBidSize":0.29252496,"bestAskSize":0.2431234,"midPrice":76890.725,"spread":1.430000000007567,"spreadBps":0.18597821778993068,"bids":[[76890.01,0.29252496],[76889.9,0.2],[76889.7,0.2],[76888.76,0.13005802],[76888,0.0429]],"asks":[[76891.44,0.2431234],[76891.45,0.03765753],[76891.46,0.03765753],[76891.47,0.03765753],[76891.48,0.03765753]]}
{"timestamp":"2026-04-27T15:48:47.854Z","timestampMs":1777304927854,"source":"coinbase","transport":"ws","productId":"BTC-USD","bestBid":76899.83,"bestAsk":76899.84,"bestBidSize":0.25692988,"bestAskSize":0.24268567,"midPrice":76899.83499999999,"spread":0.00999999999476131,"spreadBps":0.001300392906533715,"bids":[[76899.83,0.25692988],[76899.18,0.04484869],[76898.67,0.01560495],[76898.01,0.10332614],[76896.47,0.00013004]],"asks":[[76899.84,0.24268567],[76901,0.01560448],[76902,0.0429],[76903.49,0.25],[76903.67,0.00226877]]}
{"timestamp":"2026-04-27T15:48:48.861Z","timestampMs":1777304928861,"source":"coinbase","transport":"ws","productId":"BTC-USD","bestBid":76906.41,"bestAsk":76906.42,"bestBidSize":0.03900845,"bestAskSize":0.2563234,"midPrice":76906.41500000001,"spread":0.00999999999476131,"spreadBps":0.0013002816468250808,"bids":[[76906.41,0.03900845],[76904.53,0.02340469],[76904.47,0.07762878],[76904.46,0.13003145],[76904,0.00712814]],"asks":[[76906.42,0.2563234],[76906.84,0.03785753],[76907.52,0.000015],[76908,0.0429],[76910,0.5529]]}
{"timestamp":"2026-04-27T15:48:49.877Z","timestampMs":1777304929877,"source":"coinbase","transport":"ws","productId":"BTC-USD","bestBid":76906.41,"bestAsk":76906.42,"bestBidSize":0.03949825,"bestAskSize":0.24308713,"midPrice":76906.41500000001,"spread":0.00999999999476131,"spreadBps":0.0013002816468250808,"bids":[[76906.41,0.03949825],[76904.53,0.00608831],[76904.47,0.08046345],[76904.46,0.13003145],[76903.73,0.00013002]],"asks":[[76906.42,0.24308713],[76907.52,0.000015],[76908,0.0429],[76910,0.0529],[76911,1]]}
{"timestamp":"2026-04-27T15:48:50.891Z","timestampMs":1777304930891,"source":"coinbase","transport":"ws","productId":"BTC-USD","bestBid":76907.51,"bestAsk":76907.52,"bestBidSize":0.27484603,"bestAskSize":0.2432384,"midPrice":76907.515,"spread":0.010000000009313226,"spreadBps":0.001300263050927237,"bids":[[76907.51,0.27484603],[76906.41,0.00016513],[76905.26,0.02340396],[76904.82,0.00013002],[76904.47,0.00640956]],"asks":[[76907.52,0.2432384],[76910,0.0507],[76911,0.5],[76911.36,0.000015],[76912,0.0429]]}
{"timestamp":"2026-04-27T15:48:51.909Z","timestampMs":1777304931909,"source":"coinbase","transport":"ws","productId":"BTC-USD","bestBid":76907.51,"bestAsk":76907.52,"bestBidSize":0.17024986,"bestAskSize":0.2432234,"midPrice":76907.515,"spread":0.010000000009313226,"spreadBps":0.001300263050927237,"bids":[[76907.51,0.17024986],[76906.41,0.00016513],[76906.35,0.01560339],[76904.82,0.00013002],[76904.47,0.10964964]],"asks":[[76907.52,0.2432234],[76908.68,0.01560292],[76910,0.0507],[76911,0.5],[76911.36,0.000015]]}
{"timestamp":"2026-04-27T15:48:52.925Z","timestampMs":1777304932925,"source":"coinbase","transport":"ws","productId":"BTC-USD","bestBid":76911.06,"bestAsk":76911.07,"bestBidSize":0.00004276,"bestAskSize":0.03760925,"midPrice":76911.065,"spread":0.010000000009313226,"spreadBps":0.0013002030344155585,"bids":[[76911.06,0.00004276],[76911.03,0.03900604],[76909.87,0.01560268],[76908.51,0.2630979],[76908.5,0.2]],"asks":[[76911.07,0.03760925],[76911.36,0.000015],[76912,0.5],[76912.23,0.0156022],[76912.72,0.00753671]]}
{"timestamp":"2026-04-27T15:48:53.942Z","timestampMs":1777304933942,"source":"coinbase","transport":"ws","productId":"BTC-USD","bestBid":76914,"bestAsk":76915.87,"bestBidSize":0.0407,"bestAskSize":0.013,"midPrice":76914.935,"spread":1.8699999999953434,"spreadBps":0.24312573364267204,"bids":[[76914,0.0407],[76913.02,0.00032503],[76912,0.0407],[76910.33,0.00013001],[76910.01,0.05368647]],"asks":[[76915.87,0.013],[76915.9,0.03122039],[76918,0.5407],[76920,0.0407],[76921.99,0.91848537]]}
{"timestamp":"2026-04-27T15:48:54.948Z","timestampMs":1777304934948,"source":"coinbase","transport":"ws","productId":"BTC-USD","bestBid":76908.5,"bestAsk":76909.66,"bestBidSize":0.2,"bestAskSize":0.20546587,"midPrice":76909.08,"spread":1.1600000000034925,"spreadBps":0.15082744456226657,"bids":[[76908.5,0.2],[76908.3,0.2],[76908,0.00836458],[76907.49,0.00013002],[76907.19,0.00455336]],"asks":[[76909.66,0.20546587],[76910.73,0.15957],[76911,1],[76912,1],[76914,0.0407]]}
{"timestamp":"2026-04-27T15:48:55.960Z","timestampMs":1777304935960,"source":"coinbase","transport":"ws","productId":"BTC-USD","bestBid":76906.41,"bestAsk":76906.42,"bestBidSize":0.60437392,"bestAskSize":0.03767367,"midPrice":76906.41500000001,"spread":0.00999999999476131,"spreadBps":0.0013002816468250808,"bids":[[76906.41,0.60437392],[76906,0.0407],[76903.73,0.00013002],[76903.68,0.000015],[76903.23,0.13003354]],"asks":[[76906.42,0.03767367],[76909.11,0.00013002],[76912,0.5],[76913.63,0.00016253],[76914,0.0407]]}
{"timestamp":"2026-04-27T15:48:56.967Z","timestampMs":1777304936967,"source":"coinbase","transport":"ws","productId":"BTC-USD","bestBid":76906.41,"bestAsk":76906.42,"bestBidSize":5.4e-7,"bestAskSize":0.2431234,"midPrice":76906.41500000001,"spread":0.00999999999476131,"spreadBps":0.0013002816468250808,"bids":[[76906.41,5.4e-7],[76903.73,0.00013002],[76903.68,0.000015],[76901.23,0.00026005],[76900.09,0.00016253]],"asks":[[76906.42,0.2431234],[76906.54,0.03765753],[76907.33,0.03765753],[76907.68,0.07801562],[76908,0.5429]]}
{"timestamp":"2026-04-27T15:48:57.973Z","timestampMs":1777304937973,"source":"coinbase","transport":"ws","productId":"BTC-USD","bestBid":76904.3,"bestAsk":76905.57,"bestBidSize":2.6e-7,"bestAskSize":0.2429234,"midPrice":76904.935,"spread":1.2700000000040745,"spreadBps":0.16513894719553102,"bids":[[76904.3,2.6e-7],[76901.5,0.2],[76901.3,0.2],[76900,0.0429],[76899.84,0.000015]],"asks":[[76905.57,0.2429234],[76905.58,0.03745753],[76905.59,0.03745753],[76905.6,0.03745753],[76905.61,0.03745753]]}
{"timestamp":"2026-04-27T15:48:58.988Z","timestampMs":1777304938988,"source":"coinbase","transport":"ws","productId":"BTC-USD","bestBid":76904.2,"bestAsk":76905.86,"bestBidSize":0.03902684,"bestAskSize":0.20546587,"midPrice":76905.03,"spread":1.6600000000034925,"spreadBps":0.21585064071927315,"bids":[[76904.2,0.03902684],[76904,0.04557592],[76902.01,0.05386292],[76902,0.0429],[76901.62,0.00013003]],"asks":[[76905.86,0.20546587],[76905.87,0.03725753],[76905.88,0.20546587],[76905.89,0.03725753],[76905.9,0.03725753]]}
{"timestamp":"2026-04-27T15:49:00.005Z","timestampMs":1777304940005,"source":"coinbase","transport":"ws","productId":"BTC-USD","bestBid":76904.31,"bestAsk":76904.32,"bestBidSize":0.00015044,"bestAskSize":0.39768268,"midPrice":76904.315,"spread":0.010000000009313226,"spreadBps":0.0013003171550664257,"bids":[[76904.31,0.00015044],[76903.36,0.00373044],[76903.15,0.00310761],[76901.55,0.00013003],[76901.5,0.2000228]],"asks":[[76904.32,0.39768268],[76905,1.5],[76905.82,0.02340541],[76906,1.0429],[76907.01,0.00013003]]}
{"timestamp":"2026-04-27T15:49:01.015Z","timestampMs":1777304941015,"source":"coinbase","transport":"ws","productId":"BTC-USD","bestBid":76904.31,"bestAsk":76904.32,"bestBidSize":0.06104755,"bestAskSize":0.40216467,"midPrice":76904.315,"spread":0.010000000009313226,"spreadBps":0.0013003171550664257,"bids":[[76904.31,0.06104755],[76904.23,0.00031777],[76902,0.00445281],[76901.5,0.2],[76901.07,0.03901115]],"asks":[[76904.32,0.40216467],[76906,0.0429],[76906.34,0.02340541],[76907,1.5],[76907.01,0.00013003]]}
{"timestamp":"2026-04-27T15:49:02.021Z","timestampMs":1777304942021,"source":"coinbase","transport":"ws","productId":"BTC-USD","bestBid":76901.5,"bestAsk":76901.51,"bestBidSize":0.15441897,"bestAskSize":0.4022934,"midPrice":76901.505,"spread":0.00999999999476131,"spreadBps":0.001300364667084384,"bids":[[76901.5,0.15441897],[76901.3,0.2],[76899.84,0.000015],[76899.31,0.03901205],[76898.82,0.00013003]],"asks":[[76901.51,0.4022934],[76901.83,0.03725753],[76901.84,0.1312],[76902,1.5429],[76904,0.0429]]}
{"timestamp":"2026-04-27T15:49:03.037Z","timestampMs":1777304943037,"source":"coinbase","transport":"ws","productId":"BTC-USD","bestBid":76901.5,"bestAsk":76901.51,"bestBidSize":0.2151353,"bestAskSize":0.24266205,"midPrice":76901.505,"spread":0.00999999999476131,"spreadBps":0.001300364667084384,"bids":[[76901.5,0.2151353],[76901.3,0.20428743],[76900.57,0.03901141],[76899.84,0.000015],[76898.82,0.00013003]],"asks":[[76901.51,0.24266205],[76902,0.0429],[76903.21,0.02340763],[76903.46,0.03],[76903.48,0.03]]}
{"timestamp":"2026-04-27T15:49:04.043Z","timestampMs":1777304944043,"source":"coinbase","transport":"ws","productId":"BTC-USD","bestBid":76888.32,"bestAsk":76890,"bestBidSize":0.000015,"bestAskSize":0.24836587,"midPrice":76889.16,"spread":1.679999999993015,"spreadBps":0.21849633940506244,"bids":[[76888.32,0.000015],[76887.1,0.0246],[76886,0.0429],[76885.88,0.03901886],[76884.48,0.000015]],"asks":[[76890,0.24836587],[76892,0.5429],[76892.3,0.07803122],[76895.85,0.09973234],[76895.89,0.25861446]]}
{"timestamp":"2026-04-27T15:49:05.057Z","timestampMs":1777304945057,"source":"coinbase","transport":"ws","productId":"BTC-USD","bestBid":76889.29,"bestAsk":76891.49,"bestBidSize":0.244483,"bestAskSize":0.20546587,"midPrice":76890.39,"spread":2.2000000000116415,"spreadBps":0.2861215816452019,"bids":[[76889.29,0.244483],[76889.28,0.81780516],[76889.1,0.00536642],[76888.32,0.00485984],[76886.11,0.1300625]],"asks":[[76891.49,0.20546587],[76891.5,0.05009514],[76891.54,0.3606891],[76891.57,0.03785753],[76891.66,0.02341181]]}
{"timestamp":"2026-04-27T15:49:06.061Z","timestampMs":1777304946061,"source":"coinbase","transport":"ws","productId":"BTC-USD","bestBid":76884.48,"bestAsk":76884.49,"bestBidSize":0.000015,"bestAskSize":0.6497773,"midPrice":76884.485,"spread":0.010000000009313226,"spreadBps":0.0013006525320828025,"bids":[[76884.48,0.000015],[76883.83,0.00000783],[76880.64,0.000015],[76880.51,0.013345],[76876.8,0.000015]],"asks":[[76884.49,0.6497773],[76885,1.5],[76886,1.0429],[76886.76,0.03],[76886.78,0.03]]}
{"timestamp":"2026-04-27T15:49:07.068Z","timestampMs":1777304947068,"source":"coinbase","transport":"ws","productId":"BTC-USD","bestBid":76880.65,"bestAsk":76880.9,"bestBidSize":0.03902152,"bestAskSize":0.20546587,"midPrice":76880.775,"spread":0.25,"spreadBps":0.032517882396476884,"bids":[[76880.65,0.03902152],[76880.64,0.00566967],[76880.51,0.01710866],[76878,0.0429],[76877.52,0.13007702]],"asks":[[76880.9,0.20546587],[76880.91,0.03875753],[76881,1.5],[76882,1.0429],[76883,1]]}
{"timestamp":"2026-04-27T15:49:08.081Z","timestampMs":1777304948081,"source":"coinbase","transport":"ws","productId":"BTC-USD","bestBid":76899.83,"bestAsk":76899.84,"bestBidSize":0.19858178,"bestAskSize":0.000015,"midPrice":76899.83499999999,"spread":0.00999999999476131,"spreadBps":0.001300392906533715,"bids":[[76899.83,0.19858178],[76898,0.0429],[76896.6,0.13004475],[76896.36,0.1312],[76896,0.00004863]],"asks":[[76899.84,0.000015],[76901.28,0.00373177],[76903.68,0.000015],[76904,0.0429],[76905,0.51]]}
{"timestamp":"2026-04-27T15:49:09.094Z","timestampMs":1777304949094,"source":"coinbase","transport":"ws","productId":"BTC-USD","bestBid":76871.26,"bestAsk":76871.27,"bestBidSize":0.03902628,"bestAskSize":0.23006587,"midPrice":76871.265,"spread":0.010000000009313226,"spreadBps":0.0013008762128882913,"bids":[[76871.26,0.03902628],[76868.07,0.13009301],[76868,0.38887711],[76867.86,0.26018675],[76865.83,0.26019362]],"asks":[[76871.27,0.23006587],[76871.99,0.0004878],[76872,0.0429],[76874,1.5429],[76874.68,0.00013008]]}
{"timestamp":"2026-04-27T15:49:10.105Z","timestampMs":1777304950105,"source":"coinbase","transport":"ws","productId":"BTC-USD","bestBid":76872.71,"bestAsk":76872.72,"bestBidSize":0.16826808,"bestAskSize":0.05979014,"midPrice":76872.715,"spread":0.00999999999476131,"spreadBps":0.001300851673413813,"bids":[[76872.71,0.16826808],[76872.02,0.12350993],[76872.01,0.0390259],[76871.55,0.01561046],[76870,0.00532053]],"asks":[[76872.72,0.05979014],[76873.88,0.01560998],[76873.99,0.00225049],[76874,0.0429],[76875.42,0.00013008]]}
{"timestamp":"2026-04-27T15:49:11.118Z","timestampMs":1777304951118,"source":"coinbase","transport":"ws","productId":"BTC-USD","bestBid":76871.61,"bestAsk":76871.62,"bestBidSize":0.03902611,"bestAskSize":0.2430234,"midPrice":76871.61499999999,"spread":0.00999999999476131,"spreadBps":0.001300870288046025,"bids":[[76871.61,0.03902611],[76870.45,0.01561068],[76868.23,0.13009275],[76868.2,0.24176528],[76867.86,0.26018675]],"asks":[[76871.62,0.2430234],[76871.99,0.03755753],[76872,0.0429],[76872.78,0.01561021],[76874,0.0429]]}
{"timestamp":"2026-04-27T15:49:12.134Z","timestampMs":1777304952134,"source":"coinbase","transport":"ws","productId":"BTC-USD","bestBid":76875.94,"bestAsk":76875.95,"bestBidSize":0.26908978,"bestAskSize":0.03479051,"midPrice":76875.945,"spread":0.00999999999476131,"spreadBps":0.0013007970171633415,"bids":[[76875.94,0.26908978],[76874.78,0.0156098],[76874.01,0.03025831],[76874,0.0429],[76872.11,0.12898112]],"asks":[[76875.95,0.03479051],[76875.96,0.03606987],[76875.98,0.01405753],[76876.67,0.03735753],[76877.11,0.01560933]]}
{"timestamp":"2026-04-27T15:49:13.151Z","timestampMs":1777304953151,"source":"coinbase","transport":"ws","productId":"BTC-USD","bestBid":76861.44,"bestAsk":76861.45,"bestBidSize":2.7e-7,"bestAskSize":0.36547113,"midPrice":76861.445,"spread":0.00999999999476131,"spreadBps":0.0013010424140167166,"bids":[[76861.44,2.7e-7],[76859.27,0.0246],[76858.27,0.13010961],[76857.6,0.000015],[76857.01,0.21195442]],"asks":[[76861.45,0.36547113],[76862,0.0429],[76863,0.03918222],[76864,0.0429],[76864.26,0.0001301]]}
{"timestamp":"2026-04-27T15:49:14.163Z","timestampMs":1777304954163,"source":"coinbase","transport":"ws","productId":"BTC-USD","bestBid":76864.28,"bestAsk":76864.29,"bestBidSize":0.03903043,"bestAskSize":0.37459678,"midPrice":76864.285,"spread":0.00999999999476131,"spreadBps":0.0013009943427901931,"bids":[[76864.28,0.03903043],[76862.01,0.00732578],[76861.1,0.13010481],[76858,0.0429],[76857.6,0.000015]],"asks":[[76864.29,0.37459678],[76865,0.5],[76866,0.0429],[76866.68,0.00056262],[76866.98,0.00013009]]}
{"timestamp":"2026-04-27T15:49:15.176Z","timestampMs":1777304955176,"source":"coinbase","transport":"ws","productId":"BTC-USD","bestBid":76858.18,"bestAsk":76860,"bestBidSize":0.0246,"bestAskSize":0.0429,"midPrice":76859.09,"spread":1.820000000006985,"spreadBps":0.2367969748284796,"bids":[[76858.18,0.0246],[76858,0.0429],[76857.62,0.1301107],[76857.6,0.000015],[76857,0.03538752]],"asks":[[76860,0.0429],[76860.1,0.20546587],[76860.11,0.07060434],[76860.29,0.20546587],[76860.31,0.03655753]]}
{"timestamp":"2026-04-27T15:49:16.183Z","timestampMs":1777304956183,"source":"coinbase","transport":"ws","productId":"BTC-USD","bestBid":76853.62,"bestAsk":76853.63,"bestBidSize":0.00032529,"bestAskSize":0.12549817,"midPrice":76853.625,"spread":0.010000000009313226,"spreadBps":0.0013011747994077347,"bids":[[76853.62,0.00032529],[76853.34,0.02341996],[76851.03,0.1312],[76851.02,0.44150583],[76851,0.05413]],"asks":[[76853.63,0.12549817],[76856,0.03895374],[76856.38,0.00013011],[76856.99,0.03918222],[76857,0.5]]}
{"timestamp":"2026-04-27T15:49:17.201Z","timestampMs":1777304957201,"source":"coinbase","transport":"ws","productId":"BTC-USD","bestBid":76861,"bestAsk":76861.01,"bestBidSize":0.24449736,"bestAskSize":0.06115753,"midPrice":76861.005,"spread":0.00999999999476131,"spreadBps":0.0013010498619893548,"bids":[[76861,0.24449736],[76858,0.0429],[76857,0.02213369],[76856.54,0.07479618],[76856.45,0.13011269]],"asks":[[76861.01,0.06115753],[76861.44,0.000015],[76862,1.5429],[76862.37,0.0001301],[76863,1]]}
{"timestamp":"2026-04-27T15:49:18.217Z","timestampMs":1777304958217,"source":"coinbase","transport":"ws","productId":"BTC-USD","bestBid":76856.7,"bestAsk":76856.71,"bestBidSize":0.0246,"bestAskSize":0.0246,"midPrice":76856.705,"spread":0.010000000009313226,"spreadBps":0.0013011226553770717,"bids":[[76856.7,0.0246],[76854.02,0.0001301],[76854,0.0429],[76853.61,0.00187],[76853.28,0.00130067]],"asks":[[76856.71,0.0246],[76857.32,0.03645753],[76857.33,0.03645753],[76858,0.0429],[76860,0.0429]]}
{"timestamp":"2026-04-27T15:49:19.231Z","timestampMs":1777304959231,"source":"coinbase","transport":"ws","productId":"BTC-USD","bestBid":76850,"bestAsk":76850.01,"bestBidSize":0.56806691,"bestAskSize":0.20579118,"midPrice":76850.005,"spread":0.00999999999476131,"spreadBps":0.0013012360890231965,"bids":[[76850,0.56806691],[76849.92,0.000015],[76849.17,0.0390375],[76848.01,1.1e-7],[76847.99,1.1e-7]],"asks":[[76850.01,0.20579118],[76850.02,0.03645753],[76852,0.0429],[76852.71,0.00013012],[76853,1.5]]}
{"timestamp":"2026-04-27T15:49:20.247Z","timestampMs":1777304960247,"source":"coinbase","transport":"ws","productId":"BTC-USD","bestBid":76859.01,"bestAsk":76859.02,"bestBidSize":0.24449837,"bestAskSize":0.03685753,"midPrice":76859.015,"spread":0.010000000009313226,"spreadBps":0.0013010835500966576,"bids":[[76859.01,0.24449837],[76855.86,0.15160252],[76854.85,0.12834014],[76854.68,0.00032529],[76854,0.0429]],"asks":[[76859.02,0.03685753],[76860,1.5429],[76860.15,0.00056264],[76861,1],[76861.3,0.00388]]}
{"timestamp":"2026-04-27T15:49:21.259Z","timestampMs":1777304961259,"source":"coinbase","transport":"ws","productId":"BTC-USD","bestBid":76865.27,"bestAsk":76866.03,"bestBidSize":0.24478924,"bestAskSize":0.03685753,"midPrice":76865.65,"spread":0.7599999999947613,"spreadBps":0.09887381424534385,"bids":[[76865.27,0.24478924],[76864,0.0429],[76862.58,0.00013009],[76862.52,0.1312],[76862.01,0.0256113]],"asks":[[76866.03,0.03685753],[76866.47,0.03685753],[76866.51,0.00776],[76866.68,0.00056262],[76868,0.5429]]}
{"timestamp":"2026-04-27T15:49:22.268Z","timestampMs":1777304962268,"source":"coinbase","transport":"ws","productId":"BTC-USD","bestBid":76869.34,"bestAsk":76872.96,"bestBidSize":0.21223346,"bestAskSize":0.000015,"midPrice":76871.15,"spread":3.6200000000098953,"spreadBps":0.4709178931250405,"bids":[[76869.34,0.21223346],[76869.31,0.51360105],[76869.3,0.20524903],[76869.11,0.03902738],[76869.1,0.2]],"asks":[[76872.96,0.000015],[76875,0.01],[76876.8,0.000015],[76878.89,0.01552],[76880,0.01]]}
{"timestamp":"2026-04-27T15:49:23.285Z","timestampMs":1777304963285,"source":"coinbase","transport":"ws","productId":"BTC-USD","bestBid":76861.45,"bestAsk":76861.46,"bestBidSize":0.44483696,"bestAskSize":0.08710133,"midPrice":76861.455,"spread":0.010000000009313226,"spreadBps":0.001301042246638868,"bids":[[76861.45,0.44483696],[76861.44,0.000015],[76858.76,0.0001301],[76858,0.0429],[76857.94,0.26022033]],"asks":[[76861.46,0.08710133],[76862.62,0.01561227],[76864,0.0429],[76864.99,0.03918222],[76865,1.5]]}
{"timestamp":"2026-04-27T15:49:24.301Z","timestampMs":1777304964301,"source":"coinbase","transport":"ws","productId":"BTC-USD","bestBid":76853.9,"bestAsk":76853.91,"bestBidSize":0.23039116,"bestAskSize":0.03635753,"midPrice":76853.905,"spread":0.010000000009313226,"spreadBps":0.001301170058868606,"bids":[[76853.9,0.23039116],[76853.76,0.000015],[76853.7,0.2],[76853.5,0.2],[76850.18,0.26024661]],"asks":[[76853.91,0.03635753],[76853.92,0.03635753],[76853.93,0.03635753],[76853.94,0.03635753],[76853.95,0.03635753]]}
{"timestamp":"2026-04-27T15:49:25.314Z","timestampMs":1777304965314,"source":"coinbase","transport":"ws","productId":"BTC-USD","bestBid":76855,"bestAsk":76855.01,"bestBidSize":0.25181195,"bestAskSize":0.03377818,"midPrice":76855.005,"spread":0.00999999999476131,"spreadBps":0.0013011514337630072,"bids":[[76855,0.25181195],[76853.84,0.02127497],[76853.76,0.000015],[76853.7,0.2],[76853.5,0.2]],"asks":[[76855.01,0.03377818],[76856,0.0429],[76856.17,0.01561358],[76857.7,0.00013011],[76857.99,0.03918222]]}
{"timestamp":"2026-04-27T15:49:26.323Z","timestampMs":1777304966323,"source":"coinbase","transport":"ws","productId":"BTC-USD","bestBid":76857.02,"bestAsk":76857.03,"bestBidSize":0.20549065,"bestAskSize":0.06027341,"midPrice":76857.025,"spread":0.00999999999476131,"spreadBps":0.0013011172361617315,"bids":[[76857.02,0.20549065],[76856.8,0.03903362],[76856.01,0.8],[76855.86,0.01561364],[76855,0.00761959]],"asks":[[76857.03,0.06027341],[76857.62,0.03655753],[76857.99,0.03918222],[76858,0.0429],[76859,0.5]]}
{"timestamp":"2026-04-27T15:49:27.336Z","timestampMs":1777304967336,"source":"coinbase","transport":"ws","productId":"BTC-USD","bestBid":76856.01,"bestAsk":76856.02,"bestBidSize":0.80563331,"bestAskSize":0.30091728,"midPrice":76856.015,"spread":0.010000000009313226,"spreadBps":0.001301134336631066,"bids":[[76856.01,0.80563331],[76854.85,0.01561385],[76853.76,0.000015],[76853.7,0.2],[76853.5,0.2]],"asks":[[76856.02,0.30091728],[76857.18,0.01561338],[76858,0.5429],[76858.65,0.03918222],[76858.71,0.00013011]]}
