{"timestamp":"2026-04-27T15:32:34.059Z","timestampMs":1777303954059,"source":"coinbase","transport":"rest","productId":"BTC-USD","bestBid":76959.99,"bestAsk":76960,"bestBidSize":0.10177385,"bestAskSize":0.23448623,"midPrice":76959.995,"spread":0.00999999999476131,"spreadBps":0.0012993763831145404,"bids":[[76959.99,0.10177385]],"asks":[[76960,0.23448623]]}
{"timestamp":"2026-04-27T15:32:35.350Z","timestampMs":1777303955350,"source":"coinbase","transport":"rest","productId":"BTC-USD","bestBid":76959.99,"bestAsk":76960,"bestBidSize":0.10177385,"bestAskSize":0.23448623,"midPrice":76959.995,"spread":0.00999999999476131,"spreadBps":0.0012993763831145404,"bids":[[76959.99,0.10177385]],"asks":[[76960,0.23448623]]}
{"timestamp":"2026-04-27T15:32:36.375Z","timestampMs":1777303956375,"source":"coinbase","transport":"rest","productId":"BTC-USD","bestBid":76957.57,"bestAsk":76957.58,"bestBidSize":0.0558974,"bestAskSize":0.02885679,"midPrice":76957.57500000001,"spread":0.00999999999476131,"spreadBps":0.0012994172431708391,"bids":[[76957.57,0.0558974]],"asks":[[76957.58,0.02885679]]}
{"timestamp":"2026-04-27T15:32:37.434Z","timestampMs":1777303957434,"source":"coinbase","transport":"rest","productId":"BTC-USD","bestBid":76957.57,"bestAsk":76957.58,"bestBidSize":0.0558974,"bestAskSize":0.02885679,"midPrice":76957.57500000001,"spread":0.00999999999476131,"spreadBps":0.0012994172431708391,"bids":[[76957.57,0.0558974]],"asks":[[76957.58,0.02885679]]}
{"timestamp":"2026-04-27T15:32:38.459Z","timestampMs":1777303958459,"source":"coinbase","transport":"rest","productId":"BTC-USD","bestBid":76957.44,"bestAsk":76957.45,"bestBidSize":0.1012508,"bestAskSize":0.02865753,"midPrice":76957.445,"spread":0.00999999999476131,"spreadBps":0.0012994194382052716,"bids":[[76957.44,0.1012508]],"asks":[[76957.45,0.02865753]]}
{"timestamp":"2026-04-27T15:32:39.514Z","timestampMs":1777303959514,"source":"coinbase","transport":"rest","productId":"BTC-USD","bestBid":76957.44,"bestAsk":76957.45,"bestBidSize":0.1012508,"bestAskSize":0.02865753,"midPrice":76957.445,"spread":0.00999999999476131,"spreadBps":0.0012994194382052716,"bids":[[76957.44,0.1012508]],"asks":[[76957.45,0.02865753]]}
{"timestamp":"2026-04-27T15:32:40.545Z","timestampMs":1777303960545,"source":"coinbase","transport":"rest","productId":"BTC-USD","bestBid":76960.12,"bestAsk":76960.13,"bestBidSize":0.09049833,"bestAskSize":0.23347216,"midPrice":76960.125,"spread":0.010000000009313226,"spreadBps":0.0012993741901164044,"bids":[[76960.12,0.09049833]],"asks":[[76960.13,0.23347216]]}
{"timestamp":"2026-04-27T15:32:41.595Z","timestampMs":1777303961595,"source":"coinbase","transport":"rest","productId":"BTC-USD","bestBid":76960.12,"bestAsk":76960.13,"bestBidSize":0.09049833,"bestAskSize":0.23347216,"midPrice":76960.125,"spread":0.010000000009313226,"spreadBps":0.0012993741901164044,"bids":[[76960.12,0.09049833]],"asks":[[76960.13,0.23347216]]}
{"timestamp":"2026-04-27T15:32:42.624Z","timestampMs":1777303962624,"source":"coinbase","transport":"rest","productId":"BTC-USD","bestBid":76956.5,"bestAsk":76956.51,"bestBidSize":0.00941745,"bestAskSize":0.39108128,"midPrice":76956.505,"spread":0.00999999999476131,"spreadBps":0.0012994353102133876,"bids":[[76956.5,0.00941745]],"asks":[[76956.51,0.39108128]]}
{"timestamp":"2026-04-27T15:32:43.682Z","timestampMs":1777303963682,"source":"coinbase","transport":"rest","productId":"BTC-USD","bestBid":76956.5,"bestAsk":76956.51,"bestBidSize":0.00941745,"bestAskSize":0.39108128,"midPrice":76956.505,"spread":0.00999999999476131,"spreadBps":0.0012994353102133876,"bids":[[76956.5,0.00941745]],"asks":[[76956.51,0.39108128]]}
{"timestamp":"2026-04-27T15:32:44.711Z","timestampMs":1777303964711,"source":"coinbase","transport":"rest","productId":"BTC-USD","bestBid":76966.13,"bestAsk":76966.14,"bestBidSize":0.16748329,"bestAskSize":0.05320458,"midPrice":76966.13500000001,"spread":0.00999999999476131,"spreadBps":0.0012992727249148354,"bids":[[76966.13,0.16748329]],"asks":[[76966.14,0.05320458]]}
{"timestamp":"2026-04-27T15:32:45.776Z","timestampMs":1777303965776,"source":"coinbase","transport":"rest","productId":"BTC-USD","bestBid":76966.13,"bestAsk":76966.14,"bestBidSize":0.16748329,"bestAskSize":0.05320458,"midPrice":76966.13500000001,"spread":0.00999999999476131,"spreadBps":0.0012992727249148354,"bids":[[76966.13,0.16748329]],"asks":[[76966.14,0.05320458]]}
{"timestamp":"2026-04-27T15:32:46.806Z","timestampMs":1777303966806,"source":"coinbase","transport":"rest","productId":"BTC-USD","bestBid":76954.07,"bestAsk":76954.08,"bestBidSize":0.20546587,"bestAskSize":0.0246,"midPrice":76954.07500000001,"spread":0.00999999999476131,"spreadBps":0.0012994763428397144,"bids":[[76954.07,0.20546587]],"asks":[[76954.08,0.0246]]}
{"timestamp":"2026-04-27T15:32:47.918Z","timestampMs":1777303967918,"source":"coinbase","transport":"rest","productId":"BTC-USD","bestBid":76954.07,"bestAsk":76954.08,"bestBidSize":0.20546587,"bestAskSize":0.0246,"midPrice":76954.07500000001,"spread":0.00999999999476131,"spreadBps":0.0012994763428397144,"bids":[[76954.07,0.20546587]],"asks":[[76954.08,0.0246]]}
{"timestamp":"2026-04-27T15:32:48.955Z","timestampMs":1777303968955,"source":"coinbase","transport":"rest","productId":"BTC-USD","bestBid":76955.99,"bestAsk":76956,"bestBidSize":0.00001453,"bestAskSize":0.35924664,"midPrice":76955.995,"spread":0.00999999999476131,"spreadBps":0.0012994439217843016,"bids":[[76955.99,0.00001453]],"asks":[[76956,0.35924664]]}
{"timestamp":"2026-04-27T15:32:50.113Z","timestampMs":1777303970113,"source":"coinbase","transport":"rest","productId":"BTC-USD","bestBid":76955.99,"bestAsk":76956,"bestBidSize":0.00001453,"bestAskSize":0.35924664,"midPrice":76955.995,"spread":0.00999999999476131,"spreadBps":0.0012994439217843016,"bids":[[76955.99,0.00001453]],"asks":[[76956,0.35924664]]}
{"timestamp":"2026-04-27T15:32:51.143Z","timestampMs":1777303971143,"source":"coinbase","transport":"rest","productId":"BTC-USD","bestBid":76956.83,"bestAsk":76956.84,"bestBidSize":0.00002299,"bestAskSize":0.34770073,"midPrice":76956.83499999999,"spread":0.00999999999476131,"spreadBps":0.0012994297380812649,"bids":[[76956.83,0.00002299]],"asks":[[76956.84,0.34770073]]}
{"timestamp":"2026-04-27T15:32:52.321Z","timestampMs":1777303972321,"source":"coinbase","transport":"rest","productId":"BTC-USD","bestBid":76956.83,"bestAsk":76956.84,"bestBidSize":0.00002299,"bestAskSize":0.34770073,"midPrice":76956.83499999999,"spread":0.00999999999476131,"spreadBps":0.0012994297380812649,"bids":[[76956.83,0.00002299]],"asks":[[76956.84,0.34770073]]}
{"timestamp":"2026-04-27T15:32:53.353Z","timestampMs":1777303973353,"source":"coinbase","transport":"rest","productId":"BTC-USD","bestBid":76956.7,"bestAsk":76956.71,"bestBidSize":0.20033971,"bestAskSize":0.23504826,"midPrice":76956.705,"spread":0.010000000009313226,"spreadBps":0.0012994319350488335,"bids":[[76956.7,0.20033971]],"asks":[[76956.71,0.23504826]]}
{"timestamp":"2026-04-27T15:32:54.507Z","timestampMs":1777303974507,"source":"coinbase","transport":"rest","productId":"BTC-USD","bestBid":76956.7,"bestAsk":76956.71,"bestBidSize":0.20033971,"bestAskSize":0.23504826,"midPrice":76956.705,"spread":0.010000000009313226,"spreadBps":0.0012994319350488335,"bids":[[76956.7,0.20033971]],"asks":[[76956.71,0.23504826]]}
{"timestamp":"2026-04-27T15:32:55.534Z","timestampMs":1777303975534,"source":"coinbase","transport":"rest","productId":"BTC-USD","bestBid":76953.65,"bestAsk":76953.66,"bestBidSize":4.4e-7,"bestAskSize":0.27658865,"midPrice":76953.655,"spread":0.010000000009313226,"spreadBps":0.0012994834370522396,"bids":[[76953.65,4.4e-7]],"asks":[[76953.66,0.27658865]]}
{"timestamp":"2026-04-27T15:32:56.668Z","timestampMs":1777303976668,"source":"coinbase","transport":"rest","productId":"BTC-USD","bestBid":76953.65,"bestAsk":76953.66,"bestBidSize":4.4e-7,"bestAskSize":0.27658865,"midPrice":76953.655,"spread":0.010000000009313226,"spreadBps":0.0012994834370522396,"bids":[[76953.65,4.4e-7]],"asks":[[76953.66,0.27658865]]}
{"timestamp":"2026-04-27T15:32:57.697Z","timestampMs":1777303977697,"source":"coinbase","transport":"rest","productId":"BTC-USD","bestBid":76964.08,"bestAsk":76964.09,"bestBidSize":0.07013405,"bestAskSize":0.02961738,"midPrice":76964.08499999999,"spread":0.00999999999476131,"spreadBps":0.0012993073320837001,"bids":[[76964.08,0.07013405]],"asks":[[76964.09,0.02961738]]}
{"timestamp":"2026-04-27T15:32:58.852Z","timestampMs":1777303978852,"source":"coinbase","transport":"rest","productId":"BTC-USD","bestBid":76964.08,"bestAsk":76964.09,"bestBidSize":0.07013405,"bestAskSize":0.02961738,"midPrice":76964.08499999999,"spread":0.00999999999476131,"spreadBps":0.0012993073320837001,"bids":[[76964.08,0.07013405]],"asks":[[76964.09,0.02961738]]}
{"timestamp":"2026-04-27T15:32:59.877Z","timestampMs":1777303979877,"source":"coinbase","transport":"rest","productId":"BTC-USD","bestBid":76947.9,"bestAsk":76947.91,"bestBidSize":0.13887223,"bestAskSize":0.06653959,"midPrice":76947.905,"spread":0.010000000009313226,"spreadBps":0.0012995805420970494,"bids":[[76947.9,0.13887223]],"asks":[[76947.91,0.06653959]]}
{"timestamp":"2026-04-27T15:33:01.050Z","timestampMs":1777303981050,"source":"coinbase","transport":"rest","productId":"BTC-USD","bestBid":76947.9,"bestAsk":76947.91,"bestBidSize":0.13887223,"bestAskSize":0.06653959,"midPrice":76947.905,"spread":0.010000000009313226,"spreadBps":0.0012995805420970494,"bids":[[76947.9,0.13887223]],"asks":[[76947.91,0.06653959]]}
{"timestamp":"2026-04-27T15:33:02.077Z","timestampMs":1777303982077,"source":"coinbase","transport":"rest","productId":"BTC-USD","bestBid":76938.24,"bestAsk":76938.25,"bestBidSize":0.17037742,"bestAskSize":0.02454709,"midPrice":76938.245,"spread":0.00999999999476131,"spreadBps":0.001299743709355641,"bids":[[76938.24,0.17037742]],"asks":[[76938.25,0.02454709]]}
{"timestamp":"2026-04-27T15:33:03.245Z","timestampMs":1777303983245,"source":"coinbase","transport":"rest","productId":"BTC-USD","bestBid":76938.24,"bestAsk":76938.25,"bestBidSize":0.17037742,"bestAskSize":0.02454709,"midPrice":76938.245,"spread":0.00999999999476131,"spreadBps":0.001299743709355641,"bids":[[76938.24,0.17037742]],"asks":[[76938.25,0.02454709]]}
{"timestamp":"2026-04-27T15:33:04.273Z","timestampMs":1777303984273,"source":"coinbase","transport":"rest","productId":"BTC-USD","bestBid":76949.73,"bestAsk":76949.76,"bestBidSize":0.03898649,"bestAskSize":0.000015,"midPrice":76949.745,"spread":0.029999999998835847,"spreadBps":0.003898648396929171,"bids":[[76949.73,0.03898649]],"asks":[[76949.76,0.000015]]}
{"timestamp":"2026-04-27T15:33:05.422Z","timestampMs":1777303985422,"source":"coinbase","transport":"rest","productId":"BTC-USD","bestBid":76949.73,"bestAsk":76949.76,"bestBidSize":0.03898649,"bestAskSize":0.000015,"midPrice":76949.745,"spread":0.029999999998835847,"spreadBps":0.003898648396929171,"bids":[[76949.73,0.03898649]],"asks":[[76949.76,0.000015]]}
{"timestamp":"2026-04-27T15:33:06.449Z","timestampMs":1777303986449,"source":"coinbase","transport":"rest","productId":"BTC-USD","bestBid":76951.98,"bestAsk":76951.99,"bestBidSize":0.0246,"bestAskSize":0.00032488,"midPrice":76951.985,"spread":0.010000000009313226,"spreadBps":0.0012995116382395107,"bids":[[76951.98,0.0246]],"asks":[[76951.99,0.00032488]]}
{"timestamp":"2026-04-27T15:33:07.614Z","timestampMs":1777303987614,"source":"coinbase","transport":"rest","productId":"BTC-USD","bestBid":76951.98,"bestAsk":76951.99,"bestBidSize":0.0246,"bestAskSize":0.00032488,"midPrice":76951.985,"spread":0.010000000009313226,"spreadBps":0.0012995116382395107,"bids":[[76951.98,0.0246]],"asks":[[76951.99,0.00032488]]}
{"timestamp":"2026-04-27T15:33:08.642Z","timestampMs":1777303988642,"source":"coinbase","transport":"rest","productId":"BTC-USD","bestBid":76955.95,"bestAsk":76955.96,"bestBidSize":0.00003337,"bestAskSize":0.23273959,"midPrice":76955.955,"spread":0.010000000009313226,"spreadBps":0.0012994445990973961,"bids":[[76955.95,0.00003337]],"asks":[[76955.96,0.23273959]]}
{"timestamp":"2026-04-27T15:33:09.797Z","timestampMs":1777303989797,"source":"coinbase","transport":"rest","productId":"BTC-USD","bestBid":76955.95,"bestAsk":76955.96,"bestBidSize":0.00003337,"bestAskSize":0.23273959,"midPrice":76955.955,"spread":0.010000000009313226,"spreadBps":0.0012994445990973961,"bids":[[76955.95,0.00003337]],"asks":[[76955.96,0.23273959]]}
{"timestamp":"2026-04-27T15:33:10.825Z","timestampMs":1777303990825,"source":"coinbase","transport":"rest","productId":"BTC-USD","bestBid":76951.31,"bestAsk":76951.32,"bestBidSize":0.20001459,"bestAskSize":0.3906034,"midPrice":76951.315,"spread":0.010000000009313226,"spreadBps":0.0012995229528323493,"bids":[[76951.31,0.20001459]],"asks":[[76951.32,0.3906034]]}
{"timestamp":"2026-04-27T15:33:11.992Z","timestampMs":1777303991992,"source":"coinbase","transport":"rest","productId":"BTC-USD","bestBid":76951.31,"bestAsk":76951.32,"bestBidSize":0.20001459,"bestAskSize":0.3906034,"midPrice":76951.315,"spread":0.010000000009313226,"spreadBps":0.0012995229528323493,"bids":[[76951.31,0.20001459]],"asks":[[76951.32,0.3906034]]}
{"timestamp":"2026-04-27T15:33:13.020Z","timestampMs":1777303993020,"source":"coinbase","transport":"rest","productId":"BTC-USD","bestBid":76961.99,"bestAsk":76962,"bestBidSize":0.0246,"bestAskSize":0.0362,"midPrice":76961.995,"spread":0.00999999999476131,"spreadBps":0.0012993426164123359,"bids":[[76961.99,0.0246]],"asks":[[76962,0.0362]]}
{"timestamp":"2026-04-27T15:33:14.159Z","timestampMs":1777303994159,"source":"coinbase","transport":"rest","productId":"BTC-USD","bestBid":76961.99,"bestAsk":76962,"bestBidSize":0.0246,"bestAskSize":0.0362,"midPrice":76961.995,"spread":0.00999999999476131,"spreadBps":0.0012993426164123359,"bids":[[76961.99,0.0246]],"asks":[[76962,0.0362]]}
{"timestamp":"2026-04-27T15:33:15.190Z","timestampMs":1777303995190,"source":"coinbase","transport":"rest","productId":"BTC-USD","bestBid":76966.46,"bestAsk":76966.47,"bestBidSize":0.06101673,"bestAskSize":0.23434822,"midPrice":76966.465,"spread":0.00999999999476131,"spreadBps":0.0012992671541769926,"bids":[[76966.46,0.06101673]],"asks":[[76966.47,0.23434822]]}
{"timestamp":"2026-04-27T15:33:16.346Z","timestampMs":1777303996346,"source":"coinbase","transport":"rest","productId":"BTC-USD","bestBid":76966.46,"bestAsk":76966.47,"bestBidSize":0.06101673,"bestAskSize":0.23434822,"midPrice":76966.465,"spread":0.00999999999476131,"spreadBps":0.0012992671541769926,"bids":[[76966.46,0.06101673]],"asks":[[76966.47,0.23434822]]}
{"timestamp":"2026-04-27T15:33:17.374Z","timestampMs":1777303997374,"source":"coinbase","transport":"rest","productId":"BTC-USD","bestBid":76969.98,"bestAsk":76969.99,"bestBidSize":0.19999999,"bestAskSize":0.2341234,"midPrice":76969.985,"spread":0.010000000009313226,"spreadBps":0.001299207737836148,"bids":[[76969.98,0.19999999]],"asks":[[76969.99,0.2341234]]}
{"timestamp":"2026-04-27T15:33:18.544Z","timestampMs":1777303998544,"source":"coinbase","transport":"rest","productId":"BTC-USD","bestBid":76969.98,"bestAsk":76969.99,"bestBidSize":0.19999999,"bestAskSize":0.2341234,"midPrice":76969.985,"spread":0.010000000009313226,"spreadBps":0.001299207737836148,"bids":[[76969.98,0.19999999]],"asks":[[76969.99,0.2341234]]}
{"timestamp":"2026-04-27T15:33:19.577Z","timestampMs":1777303999577,"source":"coinbase","transport":"rest","productId":"BTC-USD","bestBid":76974.5,"bestAsk":76974.51,"bestBidSize":0.43897365,"bestAskSize":0.23422292,"midPrice":76974.505,"spread":0.00999999999476131,"spreadBps":0.001299131445504107,"bids":[[76974.5,0.43897365]],"asks":[[76974.51,0.23422292]]}
{"timestamp":"2026-04-27T15:33:20.684Z","timestampMs":1777304000684,"source":"coinbase","transport":"rest","productId":"BTC-USD","bestBid":76974.5,"bestAsk":76974.51,"bestBidSize":0.43897365,"bestAskSize":0.23422292,"midPrice":76974.505,"spread":0.00999999999476131,"spreadBps":0.001299131445504107,"bids":[[76974.5,0.43897365]],"asks":[[76974.51,0.23422292]]}
{"timestamp":"2026-04-27T15:33:21.716Z","timestampMs":1777304001716,"source":"coinbase","transport":"rest","productId":"BTC-USD","bestBid":76945.92,"bestAsk":76945.93,"bestBidSize":4e-8,"bestAskSize":0.23534591,"midPrice":76945.92499999999,"spread":0.00999999999476131,"spreadBps":0.0012996139814761226,"bids":[[76945.92,4e-8]],"asks":[[76945.93,0.23534591]]}
{"timestamp":"2026-04-27T15:33:22.875Z","timestampMs":1777304002875,"source":"coinbase","transport":"rest","productId":"BTC-USD","bestBid":76945.92,"bestAsk":76945.93,"bestBidSize":4e-8,"bestAskSize":0.23534591,"midPrice":76945.92499999999,"spread":0.00999999999476131,"spreadBps":0.0012996139814761226,"bids":[[76945.92,4e-8]],"asks":[[76945.93,0.23534591]]}
{"timestamp":"2026-04-27T15:33:23.909Z","timestampMs":1777304003909,"source":"coinbase","transport":"rest","productId":"BTC-USD","bestBid":76942.38,"bestAsk":76942.39,"bestBidSize":0.02608269,"bestAskSize":0.00015029,"midPrice":76942.38500000001,"spread":0.00999999999476131,"spreadBps":0.0012996737747031507,"bids":[[76942.38,0.02608269]],"asks":[[76942.39,0.00015029]]}
{"timestamp":"2026-04-27T15:33:25.077Z","timestampMs":1777304005077,"source":"coinbase","transport":"rest","productId":"BTC-USD","bestBid":76942.38,"bestAsk":76942.39,"bestBidSize":0.02608269,"bestAskSize":0.00015029,"midPrice":76942.38500000001,"spread":0.00999999999476131,"spreadBps":0.0012996737747031507,"bids":[[76942.38,0.02608269]],"asks":[[76942.39,0.00015029]]}
{"timestamp":"2026-04-27T15:33:26.106Z","timestampMs":1777304006106,"source":"coinbase","transport":"rest","productId":"BTC-USD","bestBid":76943.96,"bestAsk":76943.97,"bestBidSize":1.06285782,"bestAskSize":0.21565336,"midPrice":76943.965,"spread":0.00999999999476131,"spreadBps":0.0012996470866508257,"bids":[[76943.96,1.06285782]],"asks":[[76943.97,0.21565336]]}
{"timestamp":"2026-04-27T15:33:27.268Z","timestampMs":1777304007268,"source":"coinbase","transport":"rest","productId":"BTC-USD","bestBid":76943.96,"bestAsk":76943.97,"bestBidSize":1.06285782,"bestAskSize":0.21565336,"midPrice":76943.965,"spread":0.00999999999476131,"spreadBps":0.0012996470866508257,"bids":[[76943.96,1.06285782]],"asks":[[76943.97,0.21565336]]}
{"timestamp":"2026-04-27T15:33:28.294Z","timestampMs":1777304008294,"source":"coinbase","transport":"rest","productId":"BTC-USD","bestBid":76966.6,"bestAsk":76966.61,"bestBidSize":0.03753384,"bestAskSize":0.25677174,"midPrice":76966.60500000001,"spread":0.00999999999476131,"spreadBps":0.001299264790848097,"bids":[[76966.6,0.03753384]],"asks":[[76966.61,0.25677174]]}
{"timestamp":"2026-04-27T15:33:29.423Z","timestampMs":1777304009423,"source":"coinbase","transport":"rest","productId":"BTC-USD","bestBid":76966.6,"bestAsk":76966.61,"bestBidSize":0.03753384,"bestAskSize":0.25677174,"midPrice":76966.60500000001,"spread":0.00999999999476131,"spreadBps":0.001299264790848097,"bids":[[76966.6,0.03753384]],"asks":[[76966.61,0.25677174]]}
{"timestamp":"2026-04-27T15:33:30.459Z","timestampMs":1777304010459,"source":"coinbase","transport":"rest","productId":"BTC-USD","bestBid":76947.7,"bestAsk":76947.71,"bestBidSize":0.12139415,"bestAskSize":0.30108538,"midPrice":76947.705,"spread":0.010000000009313226,"spreadBps":0.0012995839199249966,"bids":[[76947.7,0.12139415]],"asks":[[76947.71,0.30108538]]}
{"timestamp":"2026-04-27T15:33:31.618Z","timestampMs":1777304011618,"source":"coinbase","transport":"rest","productId":"BTC-USD","bestBid":76947.7,"bestAsk":76947.71,"bestBidSize":0.12139415,"bestAskSize":0.30108538,"midPrice":76947.705,"spread":0.010000000009313226,"spreadBps":0.0012995839199249966,"bids":[[76947.7,0.12139415]],"asks":[[76947.71,0.30108538]]}
{"timestamp":"2026-04-27T15:33:32.648Z","timestampMs":1777304012648,"source":"coinbase","transport":"rest","productId":"BTC-USD","bestBid":76947.7,"bestAsk":76947.71,"bestBidSize":5.6e-7,"bestAskSize":0.29366004,"midPrice":76947.705,"spread":0.010000000009313226,"spreadBps":0.0012995839199249966,"bids":[[76947.7,5.6e-7]],"asks":[[76947.71,0.29366004]]}
{"timestamp":"2026-04-27T15:33:33.803Z","timestampMs":1777304013803,"source":"coinbase","transport":"rest","productId":"BTC-USD","bestBid":76947.7,"bestAsk":76947.71,"bestBidSize":5.6e-7,"bestAskSize":0.29366004,"midPrice":76947.705,"spread":0.010000000009313226,"spreadBps":0.0012995839199249966,"bids":[[76947.7,5.6e-7]],"asks":[[76947.71,0.29366004]]}
{"timestamp":"2026-04-27T15:33:34.826Z","timestampMs":1777304014826,"source":"coinbase","transport":"rest","productId":"BTC-USD","bestBid":76946.13,"bestAsk":76946.8,"bestBidSize":0.00012995,"bestAskSize":0.03205753,"midPrice":76946.465,"spread":0.6699999999982538,"spreadBps":0.08707352572964253,"bids":[[76946.13,0.00012995]],"asks":[[76946.8,0.03205753]]}
{"timestamp":"2026-04-27T15:33:35.991Z","timestampMs":1777304015991,"source":"coinbase","transport":"rest","productId":"BTC-USD","bestBid":76946.13,"bestAsk":76946.8,"bestBidSize":0.00012995,"bestAskSize":0.03205753,"midPrice":76946.465,"spread":0.6699999999982538,"spreadBps":0.08707352572964253,"bids":[[76946.13,0.00012995]],"asks":[[76946.8,0.03205753]]}
{"timestamp":"2026-04-27T15:33:37.023Z","timestampMs":1777304017023,"source":"coinbase","transport":"rest","productId":"BTC-USD","bestBid":76946.17,"bestAsk":76946.18,"bestBidSize":0.0003249,"bestAskSize":0.0246,"midPrice":76946.17499999999,"spread":0.00999999999476131,"spreadBps":0.0012996097589985875,"bids":[[76946.17,0.0003249]],"asks":[[76946.18,0.0246]]}
{"timestamp":"2026-04-27T15:33:38.176Z","timestampMs":1777304018176,"source":"coinbase","transport":"rest","productId":"BTC-USD","bestBid":76946.17,"bestAsk":76946.18,"bestBidSize":0.0003249,"bestAskSize":0.0246,"midPrice":76946.17499999999,"spread":0.00999999999476131,"spreadBps":0.0012996097589985875,"bids":[[76946.17,0.0003249]],"asks":[[76946.18,0.0246]]}
{"timestamp":"2026-04-27T15:33:39.199Z","timestampMs":1777304019199,"source":"coinbase","transport":"rest","productId":"BTC-USD","bestBid":76934.4,"bestAsk":76937.09,"bestBidSize":0.000015,"bestAskSize":0.07771,"midPrice":76935.745,"spread":2.6900000000023283,"spreadBps":0.34964241913850685,"bids":[[76934.4,0.000015]],"asks":[[76937.09,0.07771]]}
{"timestamp":"2026-04-27T15:33:40.367Z","timestampMs":1777304020367,"source":"coinbase","transport":"rest","productId":"BTC-USD","bestBid":76934.4,"bestAsk":76937.09,"bestBidSize":0.000015,"bestAskSize":0.07771,"midPrice":76935.745,"spread":2.6900000000023283,"spreadBps":0.34964241913850685,"bids":[[76934.4,0.000015]],"asks":[[76937.09,0.07771]]}
{"timestamp":"2026-04-27T15:33:41.389Z","timestampMs":1777304021389,"source":"coinbase","transport":"rest","productId":"BTC-USD","bestBid":76934.4,"bestAsk":76934.41,"bestBidSize":0.07302582,"bestAskSize":0.06148691,"midPrice":76934.405,"spread":0.010000000009313226,"spreadBps":0.0012998085848994643,"bids":[[76934.4,0.07302582]],"asks":[[76934.41,0.06148691]]}
{"timestamp":"2026-04-27T15:33:42.556Z","timestampMs":1777304022556,"source":"coinbase","transport":"rest","productId":"BTC-USD","bestBid":76934.4,"bestAsk":76934.41,"bestBidSize":0.07302582,"bestAskSize":0.06148691,"midPrice":76934.405,"spread":0.010000000009313226,"spreadBps":0.0012998085848994643,"bids":[[76934.4,0.07302582]],"asks":[[76934.41,0.06148691]]}
{"timestamp":"2026-04-27T15:33:43.582Z","timestampMs":1777304023582,"source":"coinbase","transport":"rest","productId":"BTC-USD","bestBid":76929.98,"bestAsk":76929.99,"bestBidSize":0.03902801,"bestAskSize":0.2376234,"midPrice":76929.985,"spread":0.010000000009313226,"spreadBps":0.0012998832651940886,"bids":[[76929.98,0.03902801]],"asks":[[76929.99,0.2376234]]}
{"timestamp":"2026-04-27T15:33:44.741Z","timestampMs":1777304024741,"source":"coinbase","transport":"rest","productId":"BTC-USD","bestBid":76929.98,"bestAsk":76929.99,"bestBidSize":0.03902801,"bestAskSize":0.2376234,"midPrice":76929.985,"spread":0.010000000009313226,"spreadBps":0.0012998832651940886,"bids":[[76929.98,0.03902801]],"asks":[[76929.99,0.2376234]]}
{"timestamp":"2026-04-27T15:33:45.776Z","timestampMs":1777304025776,"source":"coinbase","transport":"rest","productId":"BTC-USD","bestBid":76919.04,"bestAsk":76919.05,"bestBidSize":0.06993956,"bestAskSize":0.0335422,"midPrice":76919.045,"spread":0.010000000009313226,"spreadBps":0.0013000681442825019,"bids":[[76919.04,0.06993956]],"asks":[[76919.05,0.0335422]]}
{"timestamp":"2026-04-27T15:33:46.931Z","timestampMs":1777304026931,"source":"coinbase","transport":"rest","productId":"BTC-USD","bestBid":76919.04,"bestAsk":76919.05,"bestBidSize":0.06993956,"bestAskSize":0.0335422,"midPrice":76919.045,"spread":0.010000000009313226,"spreadBps":0.0013000681442825019,"bids":[[76919.04,0.06993956]],"asks":[[76919.05,0.0335422]]}
{"timestamp":"2026-04-27T15:33:47.963Z","timestampMs":1777304027963,"source":"coinbase","transport":"rest","productId":"BTC-USD","bestBid":76922.69,"bestAsk":76922.7,"bestBidSize":0.0906253,"bestAskSize":0.03268753,"midPrice":76922.695,"spread":0.00999999999476131,"spreadBps":0.0013000064538510137,"bids":[[76922.69,0.0906253]],"asks":[[76922.7,0.03268753]]}
{"timestamp":"2026-04-27T15:33:49.132Z","timestampMs":1777304029132,"source":"coinbase","transport":"rest","productId":"BTC-USD","bestBid":76922.69,"bestAsk":76922.7,"bestBidSize":0.0906253,"bestAskSize":0.03268753,"midPrice":76922.695,"spread":0.00999999999476131,"spreadBps":0.0013000064538510137,"bids":[[76922.69,0.0906253]],"asks":[[76922.7,0.03268753]]}
{"timestamp":"2026-04-27T15:33:50.158Z","timestampMs":1777304030158,"source":"coinbase","transport":"rest","productId":"BTC-USD","bestBid":76911.36,"bestAsk":76911.37,"bestBidSize":0.00001491,"bestAskSize":0.45135536,"midPrice":76911.36499999999,"spread":0.00999999999476131,"spreadBps":0.0013001979609595165,"bids":[[76911.36,0.00001491]],"asks":[[76911.37,0.45135536]]}
{"timestamp":"2026-04-27T15:33:51.313Z","timestampMs":1777304031313,"source":"coinbase","transport":"rest","productId":"BTC-USD","bestBid":76911.36,"bestAsk":76911.37,"bestBidSize":0.00001491,"bestAskSize":0.45135536,"midPrice":76911.36499999999,"spread":0.00999999999476131,"spreadBps":0.0013001979609595165,"bids":[[76911.36,0.00001491]],"asks":[[76911.37,0.45135536]]}
{"timestamp":"2026-04-27T15:33:52.335Z","timestampMs":1777304032335,"source":"coinbase","transport":"rest","productId":"BTC-USD","bestBid":76905.45,"bestAsk":76905.46,"bestBidSize":0.27530454,"bestAskSize":0.16306033,"midPrice":76905.455,"spread":0.010000000009313226,"spreadBps":0.001300297879950548,"bids":[[76905.45,0.27530454]],"asks":[[76905.46,0.16306033]]}
{"timestamp":"2026-04-27T15:33:53.494Z","timestampMs":1777304033494,"source":"coinbase","transport":"rest","productId":"BTC-USD","bestBid":76905.45,"bestAsk":76905.46,"bestBidSize":0.27530454,"bestAskSize":0.16306033,"midPrice":76905.455,"spread":0.010000000009313226,"spreadBps":0.001300297879950548,"bids":[[76905.45,0.27530454]],"asks":[[76905.46,0.16306033]]}
{"timestamp":"2026-04-27T15:33:54.521Z","timestampMs":1777304034521,"source":"coinbase","transport":"rest","productId":"BTC-USD","bestBid":76905.04,"bestAsk":76905.05,"bestBidSize":2.1e-7,"bestAskSize":0.23236013,"midPrice":76905.045,"spread":0.010000000009313226,"spreadBps":0.0013003048121632626,"bids":[[76905.04,2.1e-7]],"asks":[[76905.05,0.23236013]]}
{"timestamp":"2026-04-27T15:33:55.658Z","timestampMs":1777304035658,"source":"coinbase","transport":"rest","productId":"BTC-USD","bestBid":76905.04,"bestAsk":76905.05,"bestBidSize":2.1e-7,"bestAskSize":0.23236013,"midPrice":76905.045,"spread":0.010000000009313226,"spreadBps":0.0013003048121632626,"bids":[[76905.04,2.1e-7]],"asks":[[76905.05,0.23236013]]}
{"timestamp":"2026-04-27T15:33:56.683Z","timestampMs":1777304036683,"source":"coinbase","transport":"rest","productId":"BTC-USD","bestBid":76904.3,"bestAsk":76905.26,"bestBidSize":0.0246,"bestAskSize":0.20546587,"midPrice":76904.78,"spread":0.9599999999918509,"spreadBps":0.12482969198947723,"bids":[[76904.3,0.0246]],"asks":[[76905.26,0.20546587]]}
{"timestamp":"2026-04-27T15:33:57.851Z","timestampMs":1777304037851,"source":"coinbase","transport":"rest","productId":"BTC-USD","bestBid":76904.3,"bestAsk":76905.26,"bestBidSize":0.0246,"bestAskSize":0.20546587,"midPrice":76904.78,"spread":0.9599999999918509,"spreadBps":0.12482969198947723,"bids":[[76904.3,0.0246]],"asks":[[76905.26,0.20546587]]}
{"timestamp":"2026-04-27T15:33:58.875Z","timestampMs":1777304038875,"source":"coinbase","transport":"rest","productId":"BTC-USD","bestBid":76901.67,"bestAsk":76901.68,"bestBidSize":0.03898264,"bestAskSize":0.07125022,"midPrice":76901.67499999999,"spread":0.00999999999476131,"spreadBps":0.0013003617924786828,"bids":[[76901.67,0.03898264]],"asks":[[76901.68,0.07125022]]}
{"timestamp":"2026-04-27T15:34:00.039Z","timestampMs":1777304040039,"source":"coinbase","transport":"rest","productId":"BTC-USD","bestBid":76901.67,"bestAsk":76901.68,"bestBidSize":0.03898264,"bestAskSize":0.07125022,"midPrice":76901.67499999999,"spread":0.00999999999476131,"spreadBps":0.0013003617924786828,"bids":[[76901.67,0.03898264]],"asks":[[76901.68,0.07125022]]}
{"timestamp":"2026-04-27T15:34:01.069Z","timestampMs":1777304041069,"source":"coinbase","transport":"rest","productId":"BTC-USD","bestBid":76930.81,"bestAsk":76934.13,"bestBidSize":0.12998692,"bestAskSize":0.15648,"midPrice":76932.47,"spread":3.320000000006985,"spreadBps":0.43154730375964595,"bids":[[76930.81,0.12998692]],"asks":[[76934.13,0.15648]]}
{"timestamp":"2026-04-27T15:34:02.162Z","timestampMs":1777304042162,"source":"coinbase","transport":"rest","productId":"BTC-USD","bestBid":76930.81,"bestAsk":76934.13,"bestBidSize":0.12998692,"bestAskSize":0.15648,"midPrice":76932.47,"spread":3.320000000006985,"spreadBps":0.43154730375964595,"bids":[[76930.81,0.12998692]],"asks":[[76934.13,0.15648]]}
{"timestamp":"2026-04-27T15:34:03.194Z","timestampMs":1777304043194,"source":"coinbase","transport":"rest","productId":"BTC-USD","bestBid":76929.99,"bestAsk":76930,"bestBidSize":0.03899698,"bestAskSize":0.3959034,"midPrice":76929.995,"spread":0.00999999999476131,"spreadBps":0.0012998830943328815,"bids":[[76929.99,0.03899698]],"asks":[[76930,0.3959034]]}
{"timestamp":"2026-04-27T15:34:04.352Z","timestampMs":1777304044352,"source":"coinbase","transport":"rest","productId":"BTC-USD","bestBid":76929.99,"bestAsk":76930,"bestBidSize":0.03899698,"bestAskSize":0.3959034,"midPrice":76929.995,"spread":0.00999999999476131,"spreadBps":0.0012998830943328815,"bids":[[76929.99,0.03899698]],"asks":[[76930,0.3959034]]}
{"timestamp":"2026-04-27T15:34:05.376Z","timestampMs":1777304045376,"source":"coinbase","transport":"rest","productId":"BTC-USD","bestBid":76935.99,"bestAsk":76936,"bestBidSize":0.02339706,"bestAskSize":0.2411776,"midPrice":76935.995,"spread":0.00999999999476131,"spreadBps":0.0012997817204757423,"bids":[[76935.99,0.02339706]],"asks":[[76936,0.2411776]]}
{"timestamp":"2026-04-27T15:34:06.547Z","timestampMs":1777304046547,"source":"coinbase","transport":"rest","productId":"BTC-USD","bestBid":76935.99,"bestAsk":76936,"bestBidSize":0.02339706,"bestAskSize":0.2411776,"midPrice":76935.995,"spread":0.00999999999476131,"spreadBps":0.0012997817204757423,"bids":[[76935.99,0.02339706]],"asks":[[76936,0.2411776]]}
{"timestamp":"2026-04-27T15:34:07.575Z","timestampMs":1777304047575,"source":"coinbase","transport":"rest","productId":"BTC-USD","bestBid":76927.96,"bestAsk":76927.97,"bestBidSize":0.02339846,"bestAskSize":0.2356234,"midPrice":76927.965,"spread":0.00999999999476131,"spreadBps":0.0012999173960680374,"bids":[[76927.96,0.02339846]],"asks":[[76927.97,0.2356234]]}
{"timestamp":"2026-04-27T15:34:08.734Z","timestampMs":1777304048734,"source":"coinbase","transport":"rest","productId":"BTC-USD","bestBid":76927.96,"bestAsk":76927.97,"bestBidSize":0.02339846,"bestAskSize":0.2356234,"midPrice":76927.965,"spread":0.00999999999476131,"spreadBps":0.0012999173960680374,"bids":[[76927.96,0.02339846]],"asks":[[76927.97,0.2356234]]}
{"timestamp":"2026-04-27T15:34:09.764Z","timestampMs":1777304049764,"source":"coinbase","transport":"rest","productId":"BTC-USD","bestBid":76920.78,"bestAsk":76921.14,"bestBidSize":0.03900116,"bestAskSize":0.03045753,"midPrice":76920.95999999999,"spread":0.3600000000005821,"spreadBps":0.04680128797152065,"bids":[[76920.78,0.03900116]],"asks":[[76921.14,0.03045753]]}
{"timestamp":"2026-04-27T15:34:10.903Z","timestampMs":1777304050903,"source":"coinbase","transport":"rest","productId":"BTC-USD","bestBid":76920.78,"bestAsk":76921.14,"bestBidSize":0.03900116,"bestAskSize":0.03045753,"midPrice":76920.95999999999,"spread":0.3600000000005821,"spreadBps":0.04680128797152065,"bids":[[76920.78,0.03900116]],"asks":[[76921.14,0.03045753]]}
{"timestamp":"2026-04-27T15:34:11.931Z","timestampMs":1777304051931,"source":"coinbase","transport":"rest","productId":"BTC-USD","bestBid":76927.99,"bestAsk":76928,"bestBidSize":0.02313858,"bestAskSize":0.2662234,"midPrice":76927.995,"spread":0.00999999999476131,"spreadBps":0.0012999168891326637,"bids":[[76927.99,0.02313858]],"asks":[[76928,0.2662234]]}
{"timestamp":"2026-04-27T15:34:13.101Z","timestampMs":1777304053101,"source":"coinbase","transport":"rest","productId":"BTC-USD","bestBid":76927.99,"bestAsk":76928,"bestBidSize":0.02313858,"bestAskSize":0.2662234,"midPrice":76927.995,"spread":0.00999999999476131,"spreadBps":0.0012999168891326637,"bids":[[76927.99,0.02313858]],"asks":[[76928,0.2662234]]}
{"timestamp":"2026-04-27T15:34:14.128Z","timestampMs":1777304054128,"source":"coinbase","transport":"rest","productId":"BTC-USD","bestBid":76934.39,"bestAsk":76934.4,"bestBidSize":0.02381712,"bestAskSize":0.000015,"midPrice":76934.39499999999,"spread":0.00999999999476131,"spreadBps":0.0012998087519582513,"bids":[[76934.39,0.02381712]],"asks":[[76934.4,0.000015]]}
{"timestamp":"2026-04-27T15:34:15.287Z","timestampMs":1777304055287,"source":"coinbase","transport":"rest","productId":"BTC-USD","bestBid":76934.39,"bestAsk":76934.4,"bestBidSize":0.02381712,"bestAskSize":0.000015,"midPrice":76934.39499999999,"spread":0.00999999999476131,"spreadBps":0.0012998087519582513,"bids":[[76934.39,0.02381712]],"asks":[[76934.4,0.000015]]}
{"timestamp":"2026-04-27T15:34:16.325Z","timestampMs":1777304056325,"source":"coinbase","transport":"rest","productId":"BTC-USD","bestBid":76938.22,"bestAsk":76938.23,"bestBidSize":0.0246,"bestAskSize":0.03075753,"midPrice":76938.225,"spread":0.00999999999476131,"spreadBps":0.001299744047222471,"bids":[[76938.22,0.0246]],"asks":[[76938.23,0.03075753]]}
{"timestamp":"2026-04-27T15:34:17.494Z","timestampMs":1777304057494,"source":"coinbase","transport":"rest","productId":"BTC-USD","bestBid":76938.22,"bestAsk":76938.23,"bestBidSize":0.0246,"bestAskSize":0.03075753,"midPrice":76938.225,"spread":0.00999999999476131,"spreadBps":0.001299744047222471,"bids":[[76938.22,0.0246]],"asks":[[76938.23,0.03075753]]}
{"timestamp":"2026-04-27T15:34:18.523Z","timestampMs":1777304058523,"source":"coinbase","transport":"rest","productId":"BTC-USD","bestBid":76939.07,"bestAsk":76939.08,"bestBidSize":0.016745,"bestAskSize":0.23344952,"midPrice":76939.07500000001,"spread":0.00999999999476131,"spreadBps":0.0012997296880371005,"bids":[[76939.07,0.016745]],"asks":[[76939.08,0.23344952]]}
{"timestamp":"2026-04-27T15:34:19.675Z","timestampMs":1777304059675,"source":"coinbase","transport":"rest","productId":"BTC-USD","bestBid":76939.07,"bestAsk":76939.08,"bestBidSize":0.016745,"bestAskSize":0.23344952,"midPrice":76939.07500000001,"spread":0.00999999999476131,"spreadBps":0.0012997296880371005,"bids":[[76939.07,0.016745]],"asks":[[76939.08,0.23344952]]}
{"timestamp":"2026-04-27T15:34:20.713Z","timestampMs":1777304060713,"source":"coinbase","transport":"rest","productId":"BTC-USD","bestBid":76945.5,"bestAsk":76945.51,"bestBidSize":0.56332023,"bestAskSize":0.00007401,"midPrice":76945.505,"spread":0.00999999999476131,"spreadBps":0.0012996210753001504,"bids":[[76945.5,0.56332023]],"asks":[[76945.51,0.00007401]]}
{"timestamp":"2026-04-27T15:34:21.875Z","timestampMs":1777304061875,"source":"coinbase","transport":"rest","productId":"BTC-USD","bestBid":76945.5,"bestAsk":76945.51,"bestBidSize":0.56332023,"bestAskSize":0.00007401,"midPrice":76945.505,"spread":0.00999999999476131,"spreadBps":0.0012996210753001504,"bids":[[76945.5,0.56332023]],"asks":[[76945.51,0.00007401]]}
{"timestamp":"2026-04-27T15:34:22.909Z","timestampMs":1777304062909,"source":"coinbase","transport":"rest","productId":"BTC-USD","bestBid":76956.01,"bestAsk":76956.63,"bestBidSize":0.05783714,"bestAskSize":0.05075753,"midPrice":76956.32,"spread":0.6200000000098953,"spreadBps":0.08056518295182193,"bids":[[76956.01,0.05783714]],"asks":[[76956.63,0.05075753]]}
{"timestamp":"2026-04-27T15:34:24.064Z","timestampMs":1777304064064,"source":"coinbase","transport":"rest","productId":"BTC-USD","bestBid":76956.01,"bestAsk":76956.63,"bestBidSize":0.05783714,"bestAskSize":0.05075753,"midPrice":76956.32,"spread":0.6200000000098953,"spreadBps":0.08056518295182193,"bids":[[76956.01,0.05783714]],"asks":[[76956.63,0.05075753]]}
{"timestamp":"2026-04-27T15:34:25.090Z","timestampMs":1777304065090,"source":"coinbase","transport":"rest","productId":"BTC-USD","bestBid":76968.72,"bestAsk":76968.73,"bestBidSize":0.03906651,"bestAskSize":0.2355234,"midPrice":76968.725,"spread":0.00999999999476131,"spreadBps":0.0012992290043470657,"bids":[[76968.72,0.03906651]],"asks":[[76968.73,0.2355234]]}
{"timestamp":"2026-04-27T15:34:26.248Z","timestampMs":1777304066248,"source":"coinbase","transport":"rest","productId":"BTC-USD","bestBid":76968.72,"bestAsk":76968.73,"bestBidSize":0.03906651,"bestAskSize":0.2355234,"midPrice":76968.725,"spread":0.00999999999476131,"spreadBps":0.0012992290043470657,"bids":[[76968.72,0.03906651]],"asks":[[76968.73,0.2355234]]}
{"timestamp":"2026-04-27T15:34:27.270Z","timestampMs":1777304067270,"source":"coinbase","transport":"rest","productId":"BTC-USD","bestBid":76971.7,"bestAsk":76971.71,"bestBidSize":0.49281151,"bestAskSize":0.02642253,"midPrice":76971.705,"spread":0.010000000009313226,"spreadBps":0.0012991787059041015,"bids":[[76971.7,0.49281151]],"asks":[[76971.71,0.02642253]]}
{"timestamp":"2026-04-27T15:34:28.416Z","timestampMs":1777304068416,"source":"coinbase","transport":"rest","productId":"BTC-USD","bestBid":76971.7,"bestAsk":76971.71,"bestBidSize":0.49281151,"bestAskSize":0.02642253,"midPrice":76971.705,"spread":0.010000000009313226,"spreadBps":0.0012991787059041015,"bids":[[76971.7,0.49281151]],"asks":[[76971.71,0.02642253]]}
{"timestamp":"2026-04-27T15:34:29.442Z","timestampMs":1777304069442,"source":"coinbase","transport":"rest","productId":"BTC-USD","bestBid":76971.7,"bestAsk":76971.71,"bestBidSize":0.33500279,"bestAskSize":0.23009995,"midPrice":76971.705,"spread":0.010000000009313226,"spreadBps":0.0012991787059041015,"bids":[[76971.7,0.33500279]],"asks":[[76971.71,0.23009995]]}
{"timestamp":"2026-04-27T15:34:30.599Z","timestampMs":1777304070599,"source":"coinbase","transport":"rest","productId":"BTC-USD","bestBid":76971.7,"bestAsk":76971.71,"bestBidSize":0.33500279,"bestAskSize":0.23009995,"midPrice":76971.705,"spread":0.010000000009313226,"spreadBps":0.0012991787059041015,"bids":[[76971.7,0.33500279]],"asks":[[76971.71,0.23009995]]}
{"timestamp":"2026-04-27T15:34:31.627Z","timestampMs":1777304071627,"source":"coinbase","transport":"rest","productId":"BTC-USD","bestBid":76961.28,"bestAsk":76961.29,"bestBidSize":0.0000366,"bestAskSize":0.25184574,"midPrice":76961.285,"spread":0.00999999999476131,"spreadBps":0.001299354603390693,"bids":[[76961.28,0.0000366]],"asks":[[76961.29,0.25184574]]}
{"timestamp":"2026-04-27T15:34:32.787Z","timestampMs":1777304072787,"source":"coinbase","transport":"rest","productId":"BTC-USD","bestBid":76961.28,"bestAsk":76961.29,"bestBidSize":0.0000366,"bestAskSize":0.25184574,"midPrice":76961.285,"spread":0.00999999999476131,"spreadBps":0.001299354603390693,"bids":[[76961.28,0.0000366]],"asks":[[76961.29,0.25184574]]}
{"timestamp":"2026-04-27T15:34:33.822Z","timestampMs":1777304073822,"source":"coinbase","transport":"rest","productId":"BTC-USD","bestBid":76958.64,"bestAsk":76958.65,"bestBidSize":0.02338586,"bestAskSize":0.20546587,"midPrice":76958.64499999999,"spread":0.00999999999476131,"spreadBps":0.001299399176630684,"bids":[[76958.64,0.02338586]],"asks":[[76958.65,0.20546587]]}
{"timestamp":"2026-04-27T15:34:34.929Z","timestampMs":1777304074929,"source":"coinbase","transport":"rest","productId":"BTC-USD","bestBid":76958.64,"bestAsk":76958.65,"bestBidSize":0.02338586,"bestAskSize":0.20546587,"midPrice":76958.64499999999,"spread":0.00999999999476131,"spreadBps":0.001299399176630684,"bids":[[76958.64,0.02338586]],"asks":[[76958.65,0.20546587]]}
{"timestamp":"2026-04-27T15:34:35.959Z","timestampMs":1777304075959,"source":"coinbase","transport":"rest","productId":"BTC-USD","bestBid":77014,"bestAsk":77019.21,"bestBidSize":0.0305,"bestAskSize":0.03918222,"midPrice":77016.60500000001,"spread":5.210000000006403,"spreadBps":0.6764774946917488,"bids":[[77014,0.0305]],"asks":[[77019.21,0.03918222]]}
{"timestamp":"2026-04-27T15:34:37.124Z","timestampMs":1777304077124,"source":"coinbase","transport":"rest","productId":"BTC-USD","bestBid":77014,"bestAsk":77019.21,"bestBidSize":0.0305,"bestAskSize":0.03918222,"midPrice":77016.60500000001,"spread":5.210000000006403,"spreadBps":0.6764774946917488,"bids":[[77014,0.0305]],"asks":[[77019.21,0.03918222]]}
{"timestamp":"2026-04-27T15:34:38.152Z","timestampMs":1777304078152,"source":"coinbase","transport":"rest","productId":"BTC-USD","bestBid":77014.29,"bestAsk":77014.3,"bestBidSize":0.06234554,"bestAskSize":0.02853997,"midPrice":77014.295,"spread":0.010000000009313226,"spreadBps":0.0012984602416101097,"bids":[[77014.29,0.06234554]],"asks":[[77014.3,0.02853997]]}
{"timestamp":"2026-04-27T15:34:39.319Z","timestampMs":1777304079319,"source":"coinbase","transport":"rest","productId":"BTC-USD","bestBid":77014.29,"bestAsk":77014.3,"bestBidSize":0.06234554,"bestAskSize":0.02853997,"midPrice":77014.295,"spread":0.010000000009313226,"spreadBps":0.0012984602416101097,"bids":[[77014.29,0.06234554]],"asks":[[77014.3,0.02853997]]}
{"timestamp":"2026-04-27T15:34:40.346Z","timestampMs":1777304080346,"source":"coinbase","transport":"rest","productId":"BTC-USD","bestBid":77012.76,"bestAsk":77012.77,"bestBidSize":0.03895458,"bestAskSize":0.02918738,"midPrice":77012.765,"spread":0.010000000009313226,"spreadBps":0.0012984860379072517,"bids":[[77012.76,0.03895458]],"asks":[[77012.77,0.02918738]]}
{"timestamp":"2026-04-27T15:34:41.502Z","timestampMs":1777304081502,"source":"coinbase","transport":"rest","productId":"BTC-USD","bestBid":77012.76,"bestAsk":77012.77,"bestBidSize":0.03895458,"bestAskSize":0.02918738,"midPrice":77012.765,"spread":0.010000000009313226,"spreadBps":0.0012984860379072517,"bids":[[77012.76,0.03895458]],"asks":[[77012.77,0.02918738]]}
{"timestamp":"2026-04-27T15:34:42.525Z","timestampMs":1777304082525,"source":"coinbase","transport":"rest","productId":"BTC-USD","bestBid":77017.98,"bestAsk":77017.99,"bestBidSize":0.04314999,"bestAskSize":0.02875753,"midPrice":77017.985,"spread":0.010000000009313226,"spreadBps":0.0012983980312278002,"bids":[[77017.98,0.04314999]],"asks":[[77017.99,0.02875753]]}
{"timestamp":"2026-04-27T15:34:43.680Z","timestampMs":1777304083680,"source":"coinbase","transport":"rest","productId":"BTC-USD","bestBid":77017.98,"bestAsk":77017.99,"bestBidSize":0.04314999,"bestAskSize":0.02875753,"midPrice":77017.985,"spread":0.010000000009313226,"spreadBps":0.0012983980312278002,"bids":[[77017.98,0.04314999]],"asks":[[77017.99,0.02875753]]}
{"timestamp":"2026-04-27T15:34:44.712Z","timestampMs":1777304084712,"source":"coinbase","transport":"rest","productId":"BTC-USD","bestBid":77038.07,"bestAsk":77038.08,"bestBidSize":0.2076922,"bestAskSize":0.02837253,"midPrice":77038.07500000001,"spread":0.00999999999476131,"spreadBps":0.0012980594329182432,"bids":[[77038.07,0.2076922]],"asks":[[77038.08,0.02837253]]}
{"timestamp":"2026-04-27T15:34:45.876Z","timestampMs":1777304085876,"source":"coinbase","transport":"rest","productId":"BTC-USD","bestBid":77038.07,"bestAsk":77038.08,"bestBidSize":0.2076922,"bestAskSize":0.02837253,"midPrice":77038.07500000001,"spread":0.00999999999476131,"spreadBps":0.0012980594329182432,"bids":[[77038.07,0.2076922]],"asks":[[77038.08,0.02837253]]}
{"timestamp":"2026-04-27T15:34:46.913Z","timestampMs":1777304086913,"source":"coinbase","transport":"rest","productId":"BTC-USD","bestBid":77048.56,"bestAsk":77048.57,"bestBidSize":0.45287682,"bestAskSize":0.02994753,"midPrice":77048.565,"spread":0.010000000009313226,"spreadBps":0.0012978827067464819,"bids":[[77048.56,0.45287682]],"asks":[[77048.57,0.02994753]]}
{"timestamp":"2026-04-27T15:34:48.081Z","timestampMs":1777304088081,"source":"coinbase","transport":"rest","productId":"BTC-USD","bestBid":77048.56,"bestAsk":77048.57,"bestBidSize":0.45287682,"bestAskSize":0.02994753,"midPrice":77048.565,"spread":0.010000000009313226,"spreadBps":0.0012978827067464819,"bids":[[77048.56,0.45287682]],"asks":[[77048.57,0.02994753]]}
{"timestamp":"2026-04-27T15:34:49.110Z","timestampMs":1777304089110,"source":"coinbase","transport":"rest","productId":"BTC-USD","bestBid":77044.39,"bestAsk":77047,"bestBidSize":0.20525107,"bestAskSize":0.0246,"midPrice":77045.695,"spread":2.610000000000582,"spreadBps":0.3387600046959901,"bids":[[77044.39,0.20525107]],"asks":[[77047,0.0246]]}
{"timestamp":"2026-04-27T15:34:50.265Z","timestampMs":1777304090265,"source":"coinbase","transport":"rest","productId":"BTC-USD","bestBid":77044.39,"bestAsk":77047,"bestBidSize":0.20525107,"bestAskSize":0.0246,"midPrice":77045.695,"spread":2.610000000000582,"spreadBps":0.3387600046959901,"bids":[[77044.39,0.20525107]],"asks":[[77047,0.0246]]}
{"timestamp":"2026-04-27T15:34:51.293Z","timestampMs":1777304091293,"source":"coinbase","transport":"rest","productId":"BTC-USD","bestBid":77057.7,"bestAsk":77057.71,"bestBidSize":0.99999998,"bestAskSize":0.2339234,"midPrice":77057.705,"spread":0.010000000009313226,"spreadBps":0.001297728761752407,"bids":[[77057.7,0.99999998]],"asks":[[77057.71,0.2339234]]}
{"timestamp":"2026-04-27T15:34:52.413Z","timestampMs":1777304092413,"source":"coinbase","transport":"rest","productId":"BTC-USD","bestBid":77057.7,"bestAsk":77057.71,"bestBidSize":0.99999998,"bestAskSize":0.2339234,"midPrice":77057.705,"spread":0.010000000009313226,"spreadBps":0.001297728761752407,"bids":[[77057.7,0.99999998]],"asks":[[77057.71,0.2339234]]}
{"timestamp":"2026-04-27T15:34:53.442Z","timestampMs":1777304093442,"source":"coinbase","transport":"rest","productId":"BTC-USD","bestBid":77057.7,"bestAsk":77057.71,"bestBidSize":0.13881677,"bestAskSize":0.02905753,"midPrice":77057.705,"spread":0.010000000009313226,"spreadBps":0.001297728761752407,"bids":[[77057.7,0.13881677]],"asks":[[77057.71,0.02905753]]}
{"timestamp":"2026-04-27T15:34:54.618Z","timestampMs":1777304094618,"source":"coinbase","transport":"rest","productId":"BTC-USD","bestBid":77057.7,"bestAsk":77057.71,"bestBidSize":0.13881677,"bestAskSize":0.02905753,"midPrice":77057.705,"spread":0.010000000009313226,"spreadBps":0.001297728761752407,"bids":[[77057.7,0.13881677]],"asks":[[77057.71,0.02905753]]}
{"timestamp":"2026-04-27T15:34:55.649Z","timestampMs":1777304095649,"source":"coinbase","transport":"rest","productId":"BTC-USD","bestBid":77059.01,"bestAsk":77059.02,"bestBidSize":0.43038987,"bestAskSize":0.02871783,"midPrice":77059.015,"spread":0.010000000009313226,"spreadBps":0.0012977067004182735,"bids":[[77059.01,0.43038987]],"asks":[[77059.02,0.02871783]]}
{"timestamp":"2026-04-27T15:34:56.770Z","timestampMs":1777304096770,"source":"coinbase","transport":"rest","productId":"BTC-USD","bestBid":77059.01,"bestAsk":77059.02,"bestBidSize":0.43038987,"bestAskSize":0.02871783,"midPrice":77059.015,"spread":0.010000000009313226,"spreadBps":0.0012977067004182735,"bids":[[77059.01,0.43038987]],"asks":[[77059.02,0.02871783]]}
{"timestamp":"2026-04-27T15:34:57.797Z","timestampMs":1777304097797,"source":"coinbase","transport":"rest","productId":"BTC-USD","bestBid":77058.05,"bestAsk":77058.06,"bestBidSize":0.27248296,"bestAskSize":0.02911707,"midPrice":77058.055,"spread":0.00999999999476131,"spreadBps":0.0012977228655409628,"bids":[[77058.05,0.27248296]],"asks":[[77058.06,0.02911707]]}
{"timestamp":"2026-04-27T15:34:58.925Z","timestampMs":1777304098925,"source":"coinbase","transport":"rest","productId":"BTC-USD","bestBid":77058.05,"bestAsk":77058.06,"bestBidSize":0.27248296,"bestAskSize":0.02911707,"midPrice":77058.055,"spread":0.00999999999476131,"spreadBps":0.0012977228655409628,"bids":[[77058.05,0.27248296]],"asks":[[77058.06,0.02911707]]}
{"timestamp":"2026-04-27T15:34:59.955Z","timestampMs":1777304099955,"source":"coinbase","transport":"rest","productId":"BTC-USD","bestBid":77042.94,"bestAsk":77042.95,"bestBidSize":0.09807389,"bestAskSize":0.16048202,"midPrice":77042.945,"spread":0.00999999999476131,"spreadBps":0.0012979773806363853,"bids":[[77042.94,0.09807389]],"asks":[[77042.95,0.16048202]]}
{"timestamp":"2026-04-27T15:35:01.126Z","timestampMs":1777304101126,"source":"coinbase","transport":"rest","productId":"BTC-USD","bestBid":77042.94,"bestAsk":77042.95,"bestBidSize":0.09807389,"bestAskSize":0.16048202,"midPrice":77042.945,"spread":0.00999999999476131,"spreadBps":0.0012979773806363853,"bids":[[77042.94,0.09807389]],"asks":[[77042.95,0.16048202]]}
{"timestamp":"2026-04-27T15:35:02.156Z","timestampMs":1777304102156,"source":"coinbase","transport":"rest","productId":"BTC-USD","bestBid":77034.24,"bestAsk":77034.25,"bestBidSize":0.024615,"bestAskSize":0.03918222,"midPrice":77034.245,"spread":0.00999999999476131,"spreadBps":0.0012981239700293437,"bids":[[77034.24,0.024615]],"asks":[[77034.25,0.03918222]]}
{"timestamp":"2026-04-27T15:35:03.323Z","timestampMs":1777304103323,"source":"coinbase","transport":"rest","productId":"BTC-USD","bestBid":77034.24,"bestAsk":77034.25,"bestBidSize":0.024615,"bestAskSize":0.03918222,"midPrice":77034.245,"spread":0.00999999999476131,"spreadBps":0.0012981239700293437,"bids":[[77034.24,0.024615]],"asks":[[77034.25,0.03918222]]}
{"timestamp":"2026-04-27T15:35:04.351Z","timestampMs":1777304104351,"source":"coinbase","transport":"rest","productId":"BTC-USD","bestBid":77039.65,"bestAsk":77039.66,"bestBidSize":0.03894098,"bestAskSize":0.02915753,"midPrice":77039.655,"spread":0.010000000009313226,"spreadBps":0.0012980328130121075,"bids":[[77039.65,0.03894098]],"asks":[[77039.66,0.02915753]]}
{"timestamp":"2026-04-27T15:35:05.514Z","timestampMs":1777304105514,"source":"coinbase","transport":"rest","productId":"BTC-USD","bestBid":77039.65,"bestAsk":77039.66,"bestBidSize":0.03894098,"bestAskSize":0.02915753,"midPrice":77039.655,"spread":0.010000000009313226,"spreadBps":0.0012980328130121075,"bids":[[77039.65,0.03894098]],"asks":[[77039.66,0.02915753]]}
{"timestamp":"2026-04-27T15:35:06.542Z","timestampMs":1777304106542,"source":"coinbase","transport":"rest","productId":"BTC-USD","bestBid":77035,"bestAsk":77035.01,"bestBidSize":0.06354312,"bestAskSize":0.20592014,"midPrice":77035.005,"spread":0.00999999999476131,"spreadBps":0.0012981111631992896,"bids":[[77035,0.06354312]],"asks":[[77035.01,0.20592014]]}
{"timestamp":"2026-04-27T15:35:07.671Z","timestampMs":1777304107671,"source":"coinbase","transport":"rest","productId":"BTC-USD","bestBid":77035,"bestAsk":77035.01,"bestBidSize":0.06354312,"bestAskSize":0.20592014,"midPrice":77035.005,"spread":0.00999999999476131,"spreadBps":0.0012981111631992896,"bids":[[77035,0.06354312]],"asks":[[77035.01,0.20592014]]}
{"timestamp":"2026-04-27T15:35:08.697Z","timestampMs":1777304108697,"source":"coinbase","transport":"rest","productId":"BTC-USD","bestBid":77040.39,"bestAsk":77040.4,"bestBidSize":0.00001467,"bestAskSize":0.23540751,"midPrice":77040.39499999999,"spread":0.00999999999476131,"spreadBps":0.001298020343063053,"bids":[[77040.39,0.00001467]],"asks":[[77040.4,0.23540751]]}
{"timestamp":"2026-04-27T15:35:09.863Z","timestampMs":1777304109863,"source":"coinbase","transport":"rest","productId":"BTC-USD","bestBid":77040.39,"bestAsk":77040.4,"bestBidSize":0.00001467,"bestAskSize":0.23540751,"midPrice":77040.39499999999,"spread":0.00999999999476131,"spreadBps":0.001298020343063053,"bids":[[77040.39,0.00001467]],"asks":[[77040.4,0.23540751]]}
{"timestamp":"2026-04-27T15:35:10.893Z","timestampMs":1777304110893,"source":"coinbase","transport":"rest","productId":"BTC-USD","bestBid":77010.01,"bestAsk":77010.02,"bestBidSize":6.3e-7,"bestAskSize":0.0246,"midPrice":77010.015,"spread":0.010000000009313226,"spreadBps":0.0012985324063776935,"bids":[[77010.01,6.3e-7]],"asks":[[77010.02,0.0246]]}
{"timestamp":"2026-04-27T15:35:12.061Z","timestampMs":1777304112061,"source":"coinbase","transport":"rest","productId":"BTC-USD","bestBid":77010.01,"bestAsk":77010.02,"bestBidSize":6.3e-7,"bestAskSize":0.0246,"midPrice":77010.015,"spread":0.010000000009313226,"spreadBps":0.0012985324063776935,"bids":[[77010.01,6.3e-7]],"asks":[[77010.02,0.0246]]}
{"timestamp":"2026-04-27T15:35:13.093Z","timestampMs":1777304113093,"source":"coinbase","transport":"rest","productId":"BTC-USD","bestBid":77003.52,"bestAsk":77003.53,"bestBidSize":0.84796497,"bestAskSize":0.20596199,"midPrice":77003.525,"spread":0.00999999999476131,"spreadBps":0.0012986418472091129,"bids":[[77003.52,0.84796497]],"asks":[[77003.53,0.20596199]]}
{"timestamp":"2026-04-27T15:35:14.255Z","timestampMs":1777304114255,"source":"coinbase","transport":"rest","productId":"BTC-USD","bestBid":77003.52,"bestAsk":77003.53,"bestBidSize":0.84796497,"bestAskSize":0.20596199,"midPrice":77003.525,"spread":0.00999999999476131,"spreadBps":0.0012986418472091129,"bids":[[77003.52,0.84796497]],"asks":[[77003.53,0.20596199]]}
{"timestamp":"2026-04-27T15:35:15.278Z","timestampMs":1777304115278,"source":"coinbase","transport":"rest","productId":"BTC-USD","bestBid":76977.26,"bestAsk":76977.27,"bestBidSize":0.1106346,"bestAskSize":0.04965979,"midPrice":76977.265,"spread":0.010000000009313226,"spreadBps":0.001299084867371324,"bids":[[76977.26,0.1106346]],"asks":[[76977.27,0.04965979]]}
{"timestamp":"2026-04-27T15:35:16.422Z","timestampMs":1777304116422,"source":"coinbase","transport":"rest","productId":"BTC-USD","bestBid":76977.26,"bestAsk":76977.27,"bestBidSize":0.1106346,"bestAskSize":0.04965979,"midPrice":76977.265,"spread":0.010000000009313226,"spreadBps":0.001299084867371324,"bids":[[76977.26,0.1106346]],"asks":[[76977.27,0.04965979]]}
{"timestamp":"2026-04-27T15:35:17.456Z","timestampMs":1777304117456,"source":"coinbase","transport":"rest","productId":"BTC-USD","bestBid":77010.21,"bestAsk":77010.22,"bestBidSize":0.11100027,"bestAskSize":0.02955753,"midPrice":77010.215,"spread":0.00999999999476131,"spreadBps":0.0012985290321240255,"bids":[[77010.21,0.11100027]],"asks":[[77010.22,0.02955753]]}
{"timestamp":"2026-04-27T15:35:18.617Z","timestampMs":1777304118617,"source":"coinbase","transport":"rest","productId":"BTC-USD","bestBid":77010.21,"bestAsk":77010.22,"bestBidSize":0.11100027,"bestAskSize":0.02955753,"midPrice":77010.215,"spread":0.00999999999476131,"spreadBps":0.0012985290321240255,"bids":[[77010.21,0.11100027]],"asks":[[77010.22,0.02955753]]}
{"timestamp":"2026-04-27T15:35:19.641Z","timestampMs":1777304119641,"source":"coinbase","transport":"rest","productId":"BTC-USD","bestBid":77011.17,"bestAsk":77011.18,"bestBidSize":0.24457137,"bestAskSize":0.02971723,"midPrice":77011.17499999999,"spread":0.00999999999476131,"spreadBps":0.0012985128450203897,"bids":[[77011.17,0.24457137]],"asks":[[77011.18,0.02971723]]}
{"timestamp":"2026-04-27T15:35:20.807Z","timestampMs":1777304120807,"source":"coinbase","transport":"rest","productId":"BTC-USD","bestBid":77011.17,"bestAsk":77011.18,"bestBidSize":0.24457137,"bestAskSize":0.02971723,"midPrice":77011.17499999999,"spread":0.00999999999476131,"spreadBps":0.0012985128450203897,"bids":[[77011.17,0.24457137]],"asks":[[77011.18,0.02971723]]}
{"timestamp":"2026-04-27T15:35:21.835Z","timestampMs":1777304121835,"source":"coinbase","transport":"rest","productId":"BTC-USD","bestBid":77009.95,"bestAsk":77009.96,"bestBidSize":0.0225192,"bestAskSize":0.02968216,"midPrice":77009.955,"spread":0.010000000009313226,"spreadBps":0.0012985334180903268,"bids":[[77009.95,0.0225192]],"asks":[[77009.96,0.02968216]]}
{"timestamp":"2026-04-27T15:35:23.003Z","timestampMs":1777304123003,"source":"coinbase","transport":"rest","productId":"BTC-USD","bestBid":77009.95,"bestAsk":77009.96,"bestBidSize":0.0225192,"bestAskSize":0.02968216,"midPrice":77009.955,"spread":0.010000000009313226,"spreadBps":0.0012985334180903268,"bids":[[77009.95,0.0225192]],"asks":[[77009.96,0.02968216]]}
{"timestamp":"2026-04-27T15:35:24.024Z","timestampMs":1777304124024,"source":"coinbase","transport":"rest","productId":"BTC-USD","bestBid":77008.05,"bestAsk":77008.06,"bestBidSize":0.26902283,"bestAskSize":0.02928739,"midPrice":77008.055,"spread":0.00999999999476131,"spreadBps":0.001298565454582811,"bids":[[77008.05,0.26902283]],"asks":[[77008.06,0.02928739]]}
{"timestamp":"2026-04-27T15:35:25.102Z","timestampMs":1777304125102,"source":"coinbase","transport":"rest","productId":"BTC-USD","bestBid":77008.05,"bestAsk":77008.06,"bestBidSize":0.26902283,"bestAskSize":0.02928739,"midPrice":77008.055,"spread":0.00999999999476131,"spreadBps":0.001298565454582811,"bids":[[77008.05,0.26902283]],"asks":[[77008.06,0.02928739]]}
{"timestamp":"2026-04-27T15:35:26.126Z","timestampMs":1777304126126,"source":"coinbase","transport":"rest","productId":"BTC-USD","bestBid":77003.86,"bestAsk":77003.87,"bestBidSize":0.02459981,"bestAskSize":0.02978219,"midPrice":77003.86499999999,"spread":0.00999999999476131,"spreadBps":0.0012986361132342268,"bids":[[77003.86,0.02459981]],"asks":[[77003.87,0.02978219]]}
{"timestamp":"2026-04-27T15:35:27.282Z","timestampMs":1777304127282,"source":"coinbase","transport":"rest","productId":"BTC-USD","bestBid":77003.86,"bestAsk":77003.87,"bestBidSize":0.02459981,"bestAskSize":0.02978219,"midPrice":77003.86499999999,"spread":0.00999999999476131,"spreadBps":0.0012986361132342268,"bids":[[77003.86,0.02459981]],"asks":[[77003.87,0.02978219]]}
{"timestamp":"2026-04-27T15:35:28.311Z","timestampMs":1777304128311,"source":"coinbase","transport":"rest","productId":"BTC-USD","bestBid":77008.12,"bestAsk":77008.13,"bestBidSize":0.0246,"bestAskSize":0.02935753,"midPrice":77008.125,"spread":0.010000000009313226,"spreadBps":0.0012985642760829752,"bids":[[77008.12,0.0246]],"asks":[[77008.13,0.02935753]]}
{"timestamp":"2026-04-27T15:35:29.417Z","timestampMs":1777304129417,"source":"coinbase","transport":"rest","productId":"BTC-USD","bestBid":77008.12,"bestAsk":77008.13,"bestBidSize":0.0246,"bestAskSize":0.02935753,"midPrice":77008.125,"spread":0.010000000009313226,"spreadBps":0.0012985642760829752,"bids":[[77008.12,0.0246]],"asks":[[77008.13,0.02935753]]}
{"timestamp":"2026-04-27T15:35:30.437Z","timestampMs":1777304130437,"source":"coinbase","transport":"rest","productId":"BTC-USD","bestBid":77015.99,"bestAsk":77016,"bestBidSize":0.00000585,"bestAskSize":0.05669656,"midPrice":77015.995,"spread":0.00999999999476131,"spreadBps":0.0012984315783703517,"bids":[[77015.99,0.00000585]],"asks":[[77016,0.05669656]]}
{"timestamp":"2026-04-27T15:35:31.607Z","timestampMs":1777304131607,"source":"coinbase","transport":"rest","productId":"BTC-USD","bestBid":77015.99,"bestAsk":77016,"bestBidSize":0.00000585,"bestAskSize":0.05669656,"midPrice":77015.995,"spread":0.00999999999476131,"spreadBps":0.0012984315783703517,"bids":[[77015.99,0.00000585]],"asks":[[77016,0.05669656]]}
{"timestamp":"2026-04-27T15:35:32.653Z","timestampMs":1777304132653,"source":"coinbase","transport":"rest","productId":"BTC-USD","bestBid":77018.58,"bestAsk":77018.59,"bestBidSize":0.0233725,"bestAskSize":0.2343234,"midPrice":77018.58499999999,"spread":0.00999999999476131,"spreadBps":0.0012983879143925211,"bids":[[77018.58,0.0233725]],"asks":[[77018.59,0.2343234]]}
{"timestamp":"2026-04-27T15:35:33.810Z","timestampMs":1777304133810,"source":"coinbase","transport":"rest","productId":"BTC-USD","bestBid":77018.58,"bestAsk":77018.59,"bestBidSize":0.0233725,"bestAskSize":0.2343234,"midPrice":77018.58499999999,"spread":0.00999999999476131,"spreadBps":0.0012983879143925211,"bids":[[77018.58,0.0233725]],"asks":[[77018.59,0.2343234]]}
{"timestamp":"2026-04-27T15:35:34.830Z","timestampMs":1777304134830,"source":"coinbase","transport":"rest","productId":"BTC-USD","bestBid":77012.89,"bestAsk":77012.9,"bestBidSize":0.06355451,"bestAskSize":0.02925753,"midPrice":77012.89499999999,"spread":0.00999999999476131,"spreadBps":0.0012984838441356234,"bids":[[77012.89,0.06355451]],"asks":[[77012.9,0.02925753]]}
{"timestamp":"2026-04-27T15:35:35.995Z","timestampMs":1777304135995,"source":"coinbase","transport":"rest","productId":"BTC-USD","bestBid":77012.89,"bestAsk":77012.9,"bestBidSize":0.06355451,"bestAskSize":0.02925753,"midPrice":77012.89499999999,"spread":0.00999999999476131,"spreadBps":0.0012984838441356234,"bids":[[77012.89,0.06355451]],"asks":[[77012.9,0.02925753]]}
{"timestamp":"2026-04-27T15:35:37.022Z","timestampMs":1777304137022,"source":"coinbase","transport":"rest","productId":"BTC-USD","bestBid":77011.71,"bestAsk":77011.72,"bestBidSize":0.26149421,"bestAskSize":0.2344234,"midPrice":77011.715,"spread":0.00999999999476131,"spreadBps":0.0012985037399519425,"bids":[[77011.71,0.26149421]],"asks":[[77011.72,0.2344234]]}
{"timestamp":"2026-04-27T15:35:38.174Z","timestampMs":1777304138174,"source":"coinbase","transport":"rest","productId":"BTC-USD","bestBid":77011.71,"bestAsk":77011.72,"bestBidSize":0.26149421,"bestAskSize":0.2344234,"midPrice":77011.715,"spread":0.00999999999476131,"spreadBps":0.0012985037399519425,"bids":[[77011.71,0.26149421]],"asks":[[77011.72,0.2344234]]}
{"timestamp":"2026-04-27T15:35:39.212Z","timestampMs":1777304139212,"source":"coinbase","transport":"rest","productId":"BTC-USD","bestBid":77041.89,"bestAsk":77041.9,"bestBidSize":0.0213516,"bestAskSize":0.2343479,"midPrice":77041.89499999999,"spread":0.00999999999476131,"spreadBps":0.0012979950707029354,"bids":[[77041.89,0.0213516]],"asks":[[77041.9,0.2343479]]}
{"timestamp":"2026-04-27T15:35:40.369Z","timestampMs":1777304140369,"source":"coinbase","transport":"rest","productId":"BTC-USD","bestBid":77041.89,"bestAsk":77041.9,"bestBidSize":0.0213516,"bestAskSize":0.2343479,"midPrice":77041.89499999999,"spread":0.00999999999476131,"spreadBps":0.0012979950707029354,"bids":[[77041.89,0.0213516]],"asks":[[77041.9,0.2343479]]}
{"timestamp":"2026-04-27T15:35:41.396Z","timestampMs":1777304141396,"source":"coinbase","transport":"rest","productId":"BTC-USD","bestBid":77034.24,"bestAsk":77034.25,"bestBidSize":6.6e-7,"bestAskSize":0.23372286,"midPrice":77034.245,"spread":0.00999999999476131,"spreadBps":0.0012981239700293437,"bids":[[77034.24,6.6e-7]],"asks":[[77034.25,0.23372286]]}
{"timestamp":"2026-04-27T15:35:42.549Z","timestampMs":1777304142549,"source":"coinbase","transport":"rest","productId":"BTC-USD","bestBid":77034.24,"bestAsk":77034.25,"bestBidSize":6.6e-7,"bestAskSize":0.23372286,"midPrice":77034.245,"spread":0.00999999999476131,"spreadBps":0.0012981239700293437,"bids":[[77034.24,6.6e-7]],"asks":[[77034.25,0.23372286]]}
{"timestamp":"2026-04-27T15:35:43.590Z","timestampMs":1777304143590,"source":"coinbase","transport":"rest","productId":"BTC-USD","bestBid":77045.75,"bestAsk":77045.76,"bestBidSize":0.0389379,"bestAskSize":0.000015,"midPrice":77045.755,"spread":0.00999999999476131,"spreadBps":0.0012979300410206,"bids":[[77045.75,0.0389379]],"asks":[[77045.76,0.000015]]}
{"timestamp":"2026-04-27T15:35:44.749Z","timestampMs":1777304144749,"source":"coinbase","transport":"rest","productId":"BTC-USD","bestBid":77045.75,"bestAsk":77045.76,"bestBidSize":0.0389379,"bestAskSize":0.000015,"midPrice":77045.755,"spread":0.00999999999476131,"spreadBps":0.0012979300410206,"bids":[[77045.75,0.0389379]],"asks":[[77045.76,0.000015]]}
{"timestamp":"2026-04-27T15:35:45.774Z","timestampMs":1777304145774,"source":"coinbase","transport":"rest","productId":"BTC-USD","bestBid":77049.13,"bestAsk":77049.14,"bestBidSize":0.0241,"bestAskSize":0.2333234,"midPrice":77049.13500000001,"spread":0.00999999999476131,"spreadBps":0.001297873103281602,"bids":[[77049.13,0.0241]],"asks":[[77049.14,0.2333234]]}
{"timestamp":"2026-04-27T15:35:46.923Z","timestampMs":1777304146923,"source":"coinbase","transport":"rest","productId":"BTC-USD","bestBid":77049.13,"bestAsk":77049.14,"bestBidSize":0.0241,"bestAskSize":0.2333234,"midPrice":77049.13500000001,"spread":0.00999999999476131,"spreadBps":0.001297873103281602,"bids":[[77049.13,0.0241]],"asks":[[77049.14,0.2333234]]}
{"timestamp":"2026-04-27T15:35:47.957Z","timestampMs":1777304147957,"source":"coinbase","transport":"rest","productId":"BTC-USD","bestBid":77050.84,"bestAsk":77050.85,"bestBidSize":0.03893533,"bestAskSize":0.27072516,"midPrice":77050.845,"spread":0.010000000009313226,"spreadBps":0.0012978443012939345,"bids":[[77050.84,0.03893533]],"asks":[[77050.85,0.27072516]]}
{"timestamp":"2026-04-27T15:35:49.127Z","timestampMs":1777304149127,"source":"coinbase","transport":"rest","productId":"BTC-USD","bestBid":77050.84,"bestAsk":77050.85,"bestBidSize":0.03893533,"bestAskSize":0.27072516,"midPrice":77050.845,"spread":0.010000000009313226,"spreadBps":0.0012978443012939345,"bids":[[77050.84,0.03893533]],"asks":[[77050.85,0.27072516]]}
{"timestamp":"2026-04-27T15:35:50.153Z","timestampMs":1777304150153,"source":"coinbase","transport":"rest","productId":"BTC-USD","bestBid":77053.14,"bestAsk":77053.18,"bestBidSize":0.0241,"bestAskSize":0.20546587,"midPrice":77053.16,"spread":0.03999999999359716,"spreadBps":0.005191221228772078,"bids":[[77053.14,0.0241]],"asks":[[77053.18,0.20546587]]}
{"timestamp":"2026-04-27T15:35:51.324Z","timestampMs":1777304151324,"source":"coinbase","transport":"rest","productId":"BTC-USD","bestBid":77053.14,"bestAsk":77053.18,"bestBidSize":0.0241,"bestAskSize":0.20546587,"midPrice":77053.16,"spread":0.03999999999359716,"spreadBps":0.005191221228772078,"bids":[[77053.14,0.0241]],"asks":[[77053.18,0.20546587]]}
{"timestamp":"2026-04-27T15:35:52.347Z","timestampMs":1777304152347,"source":"coinbase","transport":"rest","productId":"BTC-USD","bestBid":77059.66,"bestAsk":77059.67,"bestBidSize":0.03910584,"bestAskSize":0.26964136,"midPrice":77059.66500000001,"spread":0.00999999999476131,"spreadBps":0.001297695752344798,"bids":[[77059.66,0.03910584]],"asks":[[77059.67,0.26964136]]}
{"timestamp":"2026-04-27T15:35:53.500Z","timestampMs":1777304153500,"source":"coinbase","transport":"rest","productId":"BTC-USD","bestBid":77059.66,"bestAsk":77059.67,"bestBidSize":0.03910584,"bestAskSize":0.26964136,"midPrice":77059.66500000001,"spread":0.00999999999476131,"spreadBps":0.001297695752344798,"bids":[[77059.66,0.03910584]],"asks":[[77059.67,0.26964136]]}
{"timestamp":"2026-04-27T15:35:54.529Z","timestampMs":1777304154529,"source":"coinbase","transport":"rest","productId":"BTC-USD","bestBid":77038.09,"bestAsk":77038.1,"bestBidSize":0.03894177,"bestAskSize":0.20546587,"midPrice":77038.095,"spread":0.010000000009313226,"spreadBps":0.001298059097815597,"bids":[[77038.09,0.03894177]],"asks":[[77038.1,0.20546587]]}
{"timestamp":"2026-04-27T15:35:55.679Z","timestampMs":1777304155679,"source":"coinbase","transport":"rest","productId":"BTC-USD","bestBid":77038.09,"bestAsk":77038.1,"bestBidSize":0.03894177,"bestAskSize":0.20546587,"midPrice":77038.095,"spread":0.010000000009313226,"spreadBps":0.001298059097815597,"bids":[[77038.09,0.03894177]],"asks":[[77038.1,0.20546587]]}
{"timestamp":"2026-04-27T15:35:56.702Z","timestampMs":1777304156702,"source":"coinbase","transport":"rest","productId":"BTC-USD","bestBid":77049.18,"bestAsk":77049.6,"bestBidSize":0.03893616,"bestAskSize":0.000015,"midPrice":77049.39,"spread":0.4200000000128057,"spreadBps":0.054510489961413805,"bids":[[77049.18,0.03893616]],"asks":[[77049.6,0.000015]]}
{"timestamp":"2026-04-27T15:35:57.861Z","timestampMs":1777304157861,"source":"coinbase","transport":"rest","productId":"BTC-USD","bestBid":77049.18,"bestAsk":77049.6,"bestBidSize":0.03893616,"bestAskSize":0.000015,"midPrice":77049.39,"spread":0.4200000000128057,"spreadBps":0.054510489961413805,"bids":[[77049.18,0.03893616]],"asks":[[77049.6,0.000015]]}
{"timestamp":"2026-04-27T15:35:58.889Z","timestampMs":1777304158889,"source":"coinbase","transport":"rest","productId":"BTC-USD","bestBid":77042.5,"bestAsk":77042.51,"bestBidSize":0.19999963,"bestAskSize":0.09017549,"midPrice":77042.505,"spread":0.00999999999476131,"spreadBps":0.00129798479355796,"bids":[[77042.5,0.19999963]],"asks":[[77042.51,0.09017549]]}
{"timestamp":"2026-04-27T15:36:00.044Z","timestampMs":1777304160044,"source":"coinbase","transport":"rest","productId":"BTC-USD","bestBid":77042.5,"bestAsk":77042.51,"bestBidSize":0.19999963,"bestAskSize":0.09017549,"midPrice":77042.505,"spread":0.00999999999476131,"spreadBps":0.00129798479355796,"bids":[[77042.5,0.19999963]],"asks":[[77042.51,0.09017549]]}
{"timestamp":"2026-04-27T15:36:01.075Z","timestampMs":1777304161075,"source":"coinbase","transport":"rest","productId":"BTC-USD","bestBid":77047.34,"bestAsk":77047.35,"bestBidSize":0.0389371,"bestAskSize":0.25914136,"midPrice":77047.345,"spread":0.010000000009313226,"spreadBps":0.0012979032579660242,"bids":[[77047.34,0.0389371]],"asks":[[77047.35,0.25914136]]}
{"timestamp":"2026-04-27T15:36:02.236Z","timestampMs":1777304162236,"source":"coinbase","transport":"rest","productId":"BTC-USD","bestBid":77047.34,"bestAsk":77047.35,"bestBidSize":0.0389371,"bestAskSize":0.25914136,"midPrice":77047.345,"spread":0.010000000009313226,"spreadBps":0.0012979032579660242,"bids":[[77047.34,0.0389371]],"asks":[[77047.35,0.25914136]]}
{"timestamp":"2026-04-27T15:36:03.273Z","timestampMs":1777304163273,"source":"coinbase","transport":"rest","productId":"BTC-USD","bestBid":77039.4,"bestAsk":77039.41,"bestBidSize":0.0389583,"bestAskSize":0.2343578,"midPrice":77039.405,"spread":0.010000000009313226,"spreadBps":0.0012980370252487316,"bids":[[77039.4,0.0389583]],"asks":[[77039.41,0.2343578]]}
{"timestamp":"2026-04-27T15:36:04.434Z","timestampMs":1777304164434,"source":"coinbase","transport":"rest","productId":"BTC-USD","bestBid":77039.4,"bestAsk":77039.41,"bestBidSize":0.0389583,"bestAskSize":0.2343578,"midPrice":77039.405,"spread":0.010000000009313226,"spreadBps":0.0012980370252487316,"bids":[[77039.4,0.0389583]],"asks":[[77039.41,0.2343578]]}
{"timestamp":"2026-04-27T15:36:05.474Z","timestampMs":1777304165474,"source":"coinbase","transport":"rest","productId":"BTC-USD","bestBid":77029,"bestAsk":77031.87,"bestBidSize":0.0128,"bestAskSize":0.20546587,"midPrice":77030.435,"spread":2.8699999999953434,"spreadBps":0.37258000684993453,"bids":[[77029,0.0128]],"asks":[[77031.87,0.20546587]]}
{"timestamp":"2026-04-27T15:36:06.636Z","timestampMs":1777304166636,"source":"coinbase","transport":"rest","productId":"BTC-USD","bestBid":77029,"bestAsk":77031.87,"bestBidSize":0.0128,"bestAskSize":0.20546587,"midPrice":77030.435,"spread":2.8699999999953434,"spreadBps":0.37258000684993453,"bids":[[77029,0.0128]],"asks":[[77031.87,0.20546587]]}
{"timestamp":"2026-04-27T15:36:07.666Z","timestampMs":1777304167666,"source":"coinbase","transport":"rest","productId":"BTC-USD","bestBid":77041.9,"bestAsk":77041.91,"bestBidSize":0.2389398,"bestAskSize":0.23367369,"midPrice":77041.905,"spread":0.010000000009313226,"spreadBps":0.0012979949041126678,"bids":[[77041.9,0.2389398]],"asks":[[77041.91,0.23367369]]}
{"timestamp":"2026-04-27T15:36:08.821Z","timestampMs":1777304168821,"source":"coinbase","transport":"rest","productId":"BTC-USD","bestBid":77041.9,"bestAsk":77041.91,"bestBidSize":0.2389398,"bestAskSize":0.23367369,"midPrice":77041.905,"spread":0.010000000009313226,"spreadBps":0.0012979949041126678,"bids":[[77041.9,0.2389398]],"asks":[[77041.91,0.23367369]]}
{"timestamp":"2026-04-27T15:36:09.851Z","timestampMs":1777304169851,"source":"coinbase","transport":"rest","productId":"BTC-USD","bestBid":77041.9,"bestAsk":77041.91,"bestBidSize":0.23888653,"bestAskSize":0.23367369,"midPrice":77041.905,"spread":0.010000000009313226,"spreadBps":0.0012979949041126678,"bids":[[77041.9,0.23888653]],"asks":[[77041.91,0.23367369]]}
{"timestamp":"2026-04-27T15:36:11.017Z","timestampMs":1777304171017,"source":"coinbase","transport":"rest","productId":"BTC-USD","bestBid":77041.9,"bestAsk":77041.91,"bestBidSize":0.23888653,"bestAskSize":0.23367369,"midPrice":77041.905,"spread":0.010000000009313226,"spreadBps":0.0012979949041126678,"bids":[[77041.9,0.23888653]],"asks":[[77041.91,0.23367369]]}
{"timestamp":"2026-04-27T15:36:12.040Z","timestampMs":1777304172040,"source":"coinbase","transport":"rest","productId":"BTC-USD","bestBid":77030.43,"bestAsk":77032,"bestBidSize":0.20546587,"bestAskSize":0.0286,"midPrice":77031.215,"spread":1.570000000006985,"spreadBps":0.2038134800297496,"bids":[[77030.43,0.20546587]],"asks":[[77032,0.0286]]}
{"timestamp":"2026-04-27T15:36:13.168Z","timestampMs":1777304173168,"source":"coinbase","transport":"rest","productId":"BTC-USD","bestBid":77030.43,"bestAsk":77032,"bestBidSize":0.20546587,"bestAskSize":0.0286,"midPrice":77031.215,"spread":1.570000000006985,"spreadBps":0.2038134800297496,"bids":[[77030.43,0.20546587]],"asks":[[77032,0.0286]]}
{"timestamp":"2026-04-27T15:36:14.202Z","timestampMs":1777304174202,"source":"coinbase","transport":"rest","productId":"BTC-USD","bestBid":77002.76,"bestAsk":77002.77,"bestBidSize":0.21881612,"bestAskSize":0.02905753,"midPrice":77002.765,"spread":0.010000000009313226,"spreadBps":0.0012986546664023333,"bids":[[77002.76,0.21881612]],"asks":[[77002.77,0.02905753]]}
{"timestamp":"2026-04-27T15:36:15.361Z","timestampMs":1777304175361,"source":"coinbase","transport":"rest","productId":"BTC-USD","bestBid":77002.76,"bestAsk":77002.77,"bestBidSize":0.21881612,"bestAskSize":0.02905753,"midPrice":77002.765,"spread":0.010000000009313226,"spreadBps":0.0012986546664023333,"bids":[[77002.76,0.21881612]],"asks":[[77002.77,0.02905753]]}
{"timestamp":"2026-04-27T15:36:16.385Z","timestampMs":1777304176385,"source":"coinbase","transport":"rest","productId":"BTC-USD","bestBid":76999.32,"bestAsk":76999.33,"bestBidSize":0.24442685,"bestAskSize":0.02965753,"midPrice":76999.32500000001,"spread":0.00999999999476131,"spreadBps":0.001298712682839922,"bids":[[76999.32,0.24442685]],"asks":[[76999.33,0.02965753]]}
{"timestamp":"2026-04-27T15:36:17.544Z","timestampMs":1777304177544,"source":"coinbase","transport":"rest","productId":"BTC-USD","bestBid":76999.32,"bestAsk":76999.33,"bestBidSize":0.24442685,"bestAskSize":0.02965753,"midPrice":76999.32500000001,"spread":0.00999999999476131,"spreadBps":0.001298712682839922,"bids":[[76999.32,0.24442685]],"asks":[[76999.33,0.02965753]]}
{"timestamp":"2026-04-27T15:36:18.573Z","timestampMs":1777304178573,"source":"coinbase","transport":"rest","productId":"BTC-USD","bestBid":77002.81,"bestAsk":77002.82,"bestBidSize":0.20546587,"bestAskSize":0.02975753,"midPrice":77002.815,"spread":0.010000000009313226,"spreadBps":0.0012986538231509104,"bids":[[77002.81,0.20546587]],"asks":[[77002.82,0.02975753]]}
{"timestamp":"2026-04-27T15:36:19.741Z","timestampMs":1777304179741,"source":"coinbase","transport":"rest","productId":"BTC-USD","bestBid":77002.81,"bestAsk":77002.82,"bestBidSize":0.20546587,"bestAskSize":0.02975753,"midPrice":77002.815,"spread":0.010000000009313226,"spreadBps":0.0012986538231509104,"bids":[[77002.81,0.20546587]],"asks":[[77002.82,0.02975753]]}
{"timestamp":"2026-04-27T15:36:20.768Z","timestampMs":1777304180768,"source":"coinbase","transport":"rest","productId":"BTC-USD","bestBid":76994,"bestAsk":76995.71,"bestBidSize":0.0132,"bestAskSize":0.00012988,"midPrice":76994.85500000001,"spread":1.7100000000064028,"spreadBps":0.22209276191329963,"bids":[[76994,0.0132]],"asks":[[76995.71,0.00012988]]}
{"timestamp":"2026-04-27T15:36:21.920Z","timestampMs":1777304181920,"source":"coinbase","transport":"rest","productId":"BTC-USD","bestBid":76994,"bestAsk":76995.71,"bestBidSize":0.0132,"bestAskSize":0.00012988,"midPrice":76994.85500000001,"spread":1.7100000000064028,"spreadBps":0.22209276191329963,"bids":[[76994,0.0132]],"asks":[[76995.71,0.00012988]]}
{"timestamp":"2026-04-27T15:36:22.946Z","timestampMs":1777304182946,"source":"coinbase","transport":"rest","productId":"BTC-USD","bestBid":77007.26,"bestAsk":77007.27,"bestBidSize":0.03895721,"bestAskSize":0.05388038,"midPrice":77007.265,"spread":0.010000000009313226,"spreadBps":0.001298578778159856,"bids":[[77007.26,0.03895721]],"asks":[[77007.27,0.05388038]]}
{"timestamp":"2026-04-27T15:36:24.110Z","timestampMs":1777304184110,"source":"coinbase","transport":"rest","productId":"BTC-USD","bestBid":77007.26,"bestAsk":77007.27,"bestBidSize":0.03895721,"bestAskSize":0.05388038,"midPrice":77007.265,"spread":0.010000000009313226,"spreadBps":0.001298578778159856,"bids":[[77007.26,0.03895721]],"asks":[[77007.27,0.05388038]]}
{"timestamp":"2026-04-27T15:36:25.137Z","timestampMs":1777304185137,"source":"coinbase","transport":"rest","productId":"BTC-USD","bestBid":77001.9,"bestAsk":77001.91,"bestBidSize":0.20223643,"bestAskSize":0.26595289,"midPrice":77001.905,"spread":0.010000000009313226,"spreadBps":0.0012986691704982135,"bids":[[77001.9,0.20223643]],"asks":[[77001.91,0.26595289]]}
{"timestamp":"2026-04-27T15:36:26.299Z","timestampMs":1777304186299,"source":"coinbase","transport":"rest","productId":"BTC-USD","bestBid":77001.9,"bestAsk":77001.91,"bestBidSize":0.20223643,"bestAskSize":0.26595289,"midPrice":77001.905,"spread":0.010000000009313226,"spreadBps":0.0012986691704982135,"bids":[[77001.9,0.20223643]],"asks":[[77001.91,0.26595289]]}
{"timestamp":"2026-04-27T15:36:27.325Z","timestampMs":1777304187325,"source":"coinbase","transport":"rest","productId":"BTC-USD","bestBid":77006.3,"bestAsk":77006.31,"bestBidSize":0.00029391,"bestAskSize":0.0246,"midPrice":77006.305,"spread":0.00999999999476131,"spreadBps":0.0012985949650176454,"bids":[[77006.3,0.00029391]],"asks":[[77006.31,0.0246]]}
{"timestamp":"2026-04-27T15:36:28.502Z","timestampMs":1777304188502,"source":"coinbase","transport":"rest","productId":"BTC-USD","bestBid":77006.3,"bestAsk":77006.31,"bestBidSize":0.00029391,"bestAskSize":0.0246,"midPrice":77006.305,"spread":0.00999999999476131,"spreadBps":0.0012985949650176454,"bids":[[77006.3,0.00029391]],"asks":[[77006.31,0.0246]]}
{"timestamp":"2026-04-27T15:36:29.527Z","timestampMs":1777304189527,"source":"coinbase","transport":"rest","productId":"BTC-USD","bestBid":77007.35,"bestAsk":77007.36,"bestBidSize":0.28675414,"bestAskSize":0.000015,"midPrice":77007.35500000001,"spread":0.00999999999476131,"spreadBps":0.0012985772585957936,"bids":[[77007.35,0.28675414]],"asks":[[77007.36,0.000015]]}
{"timestamp":"2026-04-27T15:36:30.669Z","timestampMs":1777304190669,"source":"coinbase","transport":"rest","productId":"BTC-USD","bestBid":77007.35,"bestAsk":77007.36,"bestBidSize":0.28675414,"bestAskSize":0.000015,"midPrice":77007.35500000001,"spread":0.00999999999476131,"spreadBps":0.0012985772585957936,"bids":[[77007.35,0.28675414]],"asks":[[77007.36,0.000015]]}
{"timestamp":"2026-04-27T15:36:31.693Z","timestampMs":1777304191693,"source":"coinbase","transport":"rest","productId":"BTC-USD","bestBid":77005.22,"bestAsk":77005.23,"bestBidSize":0.40578348,"bestAskSize":0.37570329,"midPrice":77005.225,"spread":0.00999999999476131,"spreadBps":0.0012986131778410244,"bids":[[77005.22,0.40578348]],"asks":[[77005.23,0.37570329]]}
{"timestamp":"2026-04-27T15:36:32.864Z","timestampMs":1777304192864,"source":"coinbase","transport":"rest","productId":"BTC-USD","bestBid":77005.22,"bestAsk":77005.23,"bestBidSize":0.40578348,"bestAskSize":0.37570329,"midPrice":77005.225,"spread":0.00999999999476131,"spreadBps":0.0012986131778410244,"bids":[[77005.22,0.40578348]],"asks":[[77005.23,0.37570329]]}
{"timestamp":"2026-04-27T15:36:33.888Z","timestampMs":1777304193888,"source":"coinbase","transport":"rest","productId":"BTC-USD","bestBid":77005.15,"bestAsk":77005.68,"bestBidSize":0.20546587,"bestAskSize":0.0246,"midPrice":77005.415,"spread":0.5299999999988358,"spreadBps":0.06882632864180213,"bids":[[77005.15,0.20546587]],"asks":[[77005.68,0.0246]]}
{"timestamp":"2026-04-27T15:36:35.054Z","timestampMs":1777304195054,"source":"coinbase","transport":"rest","productId":"BTC-USD","bestBid":77005.15,"bestAsk":77005.68,"bestBidSize":0.20546587,"bestAskSize":0.0246,"midPrice":77005.415,"spread":0.5299999999988358,"spreadBps":0.06882632864180213,"bids":[[77005.15,0.20546587]],"asks":[[77005.68,0.0246]]}
{"timestamp":"2026-04-27T15:36:36.084Z","timestampMs":1777304196084,"source":"coinbase","transport":"rest","productId":"BTC-USD","bestBid":76997.1,"bestAsk":76997.11,"bestBidSize":1.00546547,"bestAskSize":0.02495854,"midPrice":76997.10500000001,"spread":0.00999999999476131,"spreadBps":0.001298750127652372,"bids":[[76997.1,1.00546547]],"asks":[[76997.11,0.02495854]]}
{"timestamp":"2026-04-27T15:36:37.238Z","timestampMs":1777304197238,"source":"coinbase","transport":"rest","productId":"BTC-USD","bestBid":76997.1,"bestAsk":76997.11,"bestBidSize":1.00546547,"bestAskSize":0.02495854,"midPrice":76997.10500000001,"spread":0.00999999999476131,"spreadBps":0.001298750127652372,"bids":[[76997.1,1.00546547]],"asks":[[76997.11,0.02495854]]}
{"timestamp":"2026-04-27T15:36:38.268Z","timestampMs":1777304198268,"source":"coinbase","transport":"rest","productId":"BTC-USD","bestBid":76992,"bestAsk":76992.01,"bestBidSize":0.00001481,"bestAskSize":0.39533553,"midPrice":76992.005,"spread":0.00999999999476131,"spreadBps":0.0012988361576973233,"bids":[[76992,0.00001481]],"asks":[[76992.01,0.39533553]]}
{"timestamp":"2026-04-27T15:36:39.413Z","timestampMs":1777304199413,"source":"coinbase","transport":"rest","productId":"BTC-USD","bestBid":76992,"bestAsk":76992.01,"bestBidSize":0.00001481,"bestAskSize":0.39533553,"midPrice":76992.005,"spread":0.00999999999476131,"spreadBps":0.0012988361576973233,"bids":[[76992,0.00001481]],"asks":[[76992.01,0.39533553]]}
{"timestamp":"2026-04-27T15:36:40.447Z","timestampMs":1777304200447,"source":"coinbase","transport":"rest","productId":"BTC-USD","bestBid":76980.46,"bestAsk":76980.47,"bestBidSize":0.31315598,"bestAskSize":0.03147495,"midPrice":76980.465,"spread":0.00999999999476131,"spreadBps":0.0012990308638381582,"bids":[[76980.46,0.31315598]],"asks":[[76980.47,0.03147495]]}
{"timestamp":"2026-04-27T15:36:41.606Z","timestampMs":1777304201606,"source":"coinbase","transport":"rest","productId":"BTC-USD","bestBid":76980.46,"bestAsk":76980.47,"bestBidSize":0.31315598,"bestAskSize":0.03147495,"midPrice":76980.465,"spread":0.00999999999476131,"spreadBps":0.0012990308638381582,"bids":[[76980.46,0.31315598]],"asks":[[76980.47,0.03147495]]}
