{"timestamp":"2026-04-28T07:21:16.249Z","timestampMs":1777360876249,"source":"coinbase","transport":"rest","productId":"BTC-USD","bestBid":76578.55,"bestAsk":76578.56,"bestBidSize":0.22259189,"bestAskSize":0.22697675,"midPrice":76578.555,"spread":0.00999999999476131,"spreadBps":0.0013058486145058903,"bids":[[76578.55,0.22259189]],"asks":[[76578.56,0.22697675]],"tradeCount":0,"buyTradeCount":0,"sellTradeCount":0,"buyVolume":0,"sellVolume":0,"buyNotional":0,"sellNotional":0,"netTakerVolume":0,"netTakerNotional":0,"takerBuyRatio":null}
{"timestamp":"2026-04-28T07:21:18.008Z","timestampMs":1777360878008,"source":"coinbase","transport":"ws","productId":"BTC-USD","bestBid":76580.86,"bestAsk":76580.87,"bestBidSize":0.2254138,"bestAskSize":0.06664314,"midPrice":76580.86499999999,"spread":0.00999999999476131,"spreadBps":0.0013058092246361166,"bids":[[76580.86,0.2254138],[76578.55,0.00011778],[76578.18,0.00013058],[76576.7,0.22398851],[76576.69,0.13058803]],"asks":[[76580.87,0.06664314],[76581.12,0.01306055],[76581.56,0.05019955],[76582.71,0.05019955],[76583.55,0.00013058]],"tradeCount":100,"buyTradeCount":39,"sellTradeCount":61,"buyVolume":1.3370939,"sellVolume":0.06987412000000001,"buyNotional":102378.20381857728,"sellNotional":5349.577862837302,"netTakerVolume":1.26721978,"netTakerNotional":97028.62595573998,"takerBuyRatio":0.9503370943711997}
{"timestamp":"2026-04-28T07:21:19.032Z","timestampMs":1777360879032,"source":"coinbase","transport":"ws","productId":"BTC-USD","bestBid":76571.86,"bestAsk":76572.29,"bestBidSize":0.00001057,"bestAskSize":0.00043697,"midPrice":76572.075,"spread":0.4299999999930151,"spreadBps":0.05615624233678076,"bids":[[76571.86,0.00001057],[76570.17,0.00776],[76565.57,0.00016323],[76562.88,0.01552],[76561.01,0.00022853]],"asks":[[76572.29,0.00043697],[76572.61,0.00058263],[76572.7,0.00099021],[76572.72,0.00032773],[76572.77,0.0002458]],"tradeCount":27,"buyTradeCount":12,"sellTradeCount":15,"buyVolume":0.39422266,"sellVolume":0.14990167000000001,"buyNotional":30190.542396880002,"sellNotional":11479.058444040902,"netTakerVolume":0.24432099,"netTakerNotional":18711.483952839102,"takerBuyRatio":0.7245084225511474}
{"timestamp":"2026-04-28T07:21:20.045Z","timestampMs":1777360880045,"source":"coinbase","transport":"ws","productId":"BTC-USD","bestBid":76584.25,"bestAsk":76584.26,"bestBidSize":0.22508738,"bestAskSize":0.04434551,"midPrice":76584.255,"spread":0.00999999999476131,"spreadBps":0.0013057514230257001,"bids":[[76584.25,0.22508738],[76579.89,0.04746646],[76577.7,0.03917589],[76577.21,0.00013058],[76576.73,0.05271786]],"asks":[[76584.26,0.04434551],[76584.84,0.0156689],[76585.99,0.02080641],[76586,0.0152],[76586.2,0.00016322]],"tradeCount":16,"buyTradeCount":10,"sellTradeCount":6,"buyVolume":0.26049458000000003,"sellVolume":0.00100034,"buyNotional":19947.726492124602,"sellNotional":76.597894967,"netTakerVolume":0.25949424000000004,"netTakerNotional":19871.128597157604,"takerBuyRatio":0.9961745337156073}
{"timestamp":"2026-04-28T07:21:21.062Z","timestampMs":1777360881062,"source":"coinbase","transport":"ws","productId":"BTC-USD","bestBid":76584.39,"bestAsk":76584.4,"bestBidSize":0.22508717,"bestAskSize":0.05614438,"midPrice":76584.39499999999,"spread":0.00999999999476131,"spreadBps":0.0013057490360485727,"bids":[[76584.39,0.22508717],[76583.1,0.01566925],[76581.57,0.00013057],[76579.47,0.03924545],[76578.16,0.03917565]],"asks":[[76584.4,0.05614438],[76584.99,0.1312],[76585.55,0.01566875],[76586,0.0152],[76586.54,0.00405987]],"tradeCount":4,"buyTradeCount":0,"sellTradeCount":4,"buyVolume":0,"sellVolume":2.9000000000000003e-7,"buyNotional":0,"sellNotional":0.022209461899999998,"netTakerVolume":-2.9000000000000003e-7,"netTakerNotional":-0.022209461899999998,"takerBuyRatio":0}
{"timestamp":"2026-04-28T07:21:22.077Z","timestampMs":1777360882077,"source":"coinbase","transport":"ws","productId":"BTC-USD","bestBid":76584.11,"bestAsk":76584.12,"bestBidSize":0.22541382,"bestAskSize":0.00139428,"midPrice":76584.11499999999,"spread":0.00999999999476131,"spreadBps":0.0013057538100115557,"bids":[[76584.11,0.22541382],[76583.85,0.00013057],[76582.96,0.01566928],[76582.73,0.03917332],[76580.23,0.00016321]],"asks":[[76584.12,0.00139428],[76585.11,0.01305758],[76585.27,0.01566881],[76586.26,0.01305758],[76588,0.0635]],"tradeCount":3,"buyTradeCount":3,"sellTradeCount":0,"buyVolume":0.030179,"sellVolume":0,"buyNotional":2311.27724226,"sellNotional":0,"netTakerVolume":0.030179,"netTakerNotional":2311.27724226,"takerBuyRatio":1}
{"timestamp":"2026-04-28T07:21:23.092Z","timestampMs":1777360883092,"source":"coinbase","transport":"ws","productId":"BTC-USD","bestBid":76584.11,"bestAsk":76584.12,"bestBidSize":0.22541382,"bestAskSize":0.00139428,"midPrice":76584.11499999999,"spread":0.00999999999476131,"spreadBps":0.0013057538100115557,"bids":[[76584.11,0.22541382],[76583.85,0.00013057],[76582.73,0.03917332],[76580.23,0.00016321],[76579.54,0.11310269]],"asks":[[76584.12,0.00139428],[76585.11,0.01305758],[76586.03,0.01305942],[76586.26,0.01305758],[76588,0.0635]],"tradeCount":1,"buyTradeCount":0,"sellTradeCount":1,"buyVolume":0,"sellVolume":1.6e-7,"buyNotional":0,"sellNotional":0.0122534576,"netTakerVolume":-1.6e-7,"netTakerNotional":-0.0122534576,"takerBuyRatio":0}
{"timestamp":"2026-04-28T07:21:24.105Z","timestampMs":1777360884105,"source":"coinbase","transport":"ws","productId":"BTC-USD","bestBid":76587.58,"bestAsk":76587.59,"bestBidSize":0.20579219,"bestAskSize":0.0144517,"midPrice":76587.58499999999,"spread":0.00999999999476131,"spreadBps":0.001305694649434541,"bids":[[76587.58,0.20579219],[76584.9,0.00013056],[76584.11,0.01962135],[76583.75,0.03917279],[76580.21,0.00016321]],"asks":[[76587.59,0.0144517],[76588.95,0.01305767],[76589.14,0.0531098],[76589.15,0.0483],[76590,0.0252]],"tradeCount":4,"buyTradeCount":2,"sellTradeCount":2,"buyVolume":0.00411886,"sellVolume":2.3e-7,"buyNotional":315.4487237674,"sellNotional":0.017615003,"netTakerVolume":0.00411863,"netTakerNotional":315.4311087644,"takerBuyRatio":0.9999441624242247}
{"timestamp":"2026-04-28T07:21:25.113Z","timestampMs":1777360885113,"source":"coinbase","transport":"ws","productId":"BTC-USD","bestBid":76587.58,"bestAsk":76587.59,"bestBidSize":0.20579183,"bestAskSize":0.01386394,"midPrice":76587.58499999999,"spread":0.00999999999476131,"spreadBps":0.001305694649434541,"bids":[[76587.58,0.20579183],[76584.9,0.00013056],[76584.12,0.0351001],[76584.11,0.01962135],[76583.75,0.03917279]],"asks":[[76587.59,0.01386394],[76588.95,0.01305767],[76589.15,0.0483],[76589.47,0.01305767],[76589.48,0.04809815]],"tradeCount":4,"buyTradeCount":2,"sellTradeCount":2,"buyVolume":0.00058776,"sellVolume":3.6e-7,"buyNotional":45.015121898400004,"sellNotional":0.027571528799999998,"netTakerVolume":0.0005874,"netTakerNotional":44.9875503696,"takerBuyRatio":0.9993878800244848}
{"timestamp":"2026-04-28T07:21:26.120Z","timestampMs":1777360886120,"source":"coinbase","transport":"ws","productId":"BTC-USD","bestBid":76590.46,"bestAsk":76592.02,"bestBidSize":0.01962151,"bestAskSize":0.151,"midPrice":76591.24,"spread":1.5599999999976717,"spreadBps":0.2036786452337985,"bids":[[76590.46,0.01962151],[76590.33,0.00013056],[76587.88,0.04692325],[76587.87,0.03924545],[76587.85,0.0391707]],"asks":[[76592.02,0.151],[76593.02,0.00942939],[76593.15,0.01305907],[76593.76,0.04689966],[76594,0.0152]],"tradeCount":4,"buyTradeCount":1,"sellTradeCount":3,"buyVolume":0.001393,"sellVolume":0.010452169999999998,"buyNotional":106.68651286999999,"sellNotional":800.5631607344,"netTakerVolume":-0.009059169999999998,"netTakerNotional":-693.8766478644,"takerBuyRatio":0.11760067605614778}
{"timestamp":"2026-04-28T07:21:27.129Z","timestampMs":1777360887129,"source":"coinbase","transport":"ws","productId":"BTC-USD","bestBid":76598.51,"bestAsk":76598.87,"bestBidSize":0.20546587,"bestAskSize":0.144257,"midPrice":76598.69,"spread":0.3600000000005821,"spreadBps":0.04699819278901272,"bids":[[76598.51,0.20546587],[76598.5,0.00032638],[76597.99,0.01962151],[76594.9,0.13188],[76593.02,0.03916805]],"asks":[[76598.87,0.144257],[76599.32,0.0001632],[76600,0.01],[76601.54,0.07832741],[76602,0.0152]],"tradeCount":5,"buyTradeCount":2,"sellTradeCount":3,"buyVolume":0.056067000000000006,"sellVolume":0.01044678,"buyNotional":4294.3755576,"sellNotional":800.1503249273,"netTakerVolume":0.04562022,"netTakerNotional":3494.2252326727003,"takerBuyRatio":0.8429381099675887}
{"timestamp":"2026-04-28T07:21:28.152Z","timestampMs":1777360888152,"source":"coinbase","transport":"ws","productId":"BTC-USD","bestBid":76598.86,"bestAsk":76598.87,"bestBidSize":0.31605587,"bestAskSize":3.5e-7,"midPrice":76598.86499999999,"spread":0.00999999999476131,"spreadBps":0.0013055023719687375,"bids":[[76598.86,0.31605587],[76598,0.00032638],[76597.99,0.01962147],[76595.31,0.00013055],[76594.92,0.02352695]],"asks":[[76598.87,3.5e-7],[76600,0.01],[76600.4,0.0494],[76600.75,0.0494],[76605,0.01]],"tradeCount":2,"buyTradeCount":0,"sellTradeCount":2,"buyVolume":0,"sellVolume":1.2000000000000002e-7,"buyNotional":0,"sellNotional":0.009191828400000001,"netTakerVolume":-1.2000000000000002e-7,"netTakerNotional":-0.009191828400000001,"takerBuyRatio":0}
{"timestamp":"2026-04-28T07:21:29.172Z","timestampMs":1777360889172,"source":"coinbase","transport":"ws","productId":"BTC-USD","bestBid":76599.44,"bestAsk":76599.95,"bestBidSize":0.20546587,"bestAskSize":0.00032637,"midPrice":76599.695,"spread":0.5099999999947613,"spreadBps":0.06657989956680131,"bids":[[76599.44,0.20546587],[76598.82,0.01962151],[76596.58,0.00388],[76596.16,0.00013054],[76594.98,0.04451954]],"asks":[[76599.95,0.00032637],[76602,0.0152],[76603.88,0.68897741],[76604,0.0152],[76605.09,0.07832377]],"tradeCount":5,"buyTradeCount":3,"sellTradeCount":2,"buyVolume":0.01831335,"sellVolume":0.00032659,"buyNotional":1402.7819159145,"sellNotional":25.0187126572,"netTakerVolume":0.017986759999999997,"netTakerNotional":1377.7632032573,"takerBuyRatio":0.9824790208552172}
{"timestamp":"2026-04-28T07:21:30.180Z","timestampMs":1777360890180,"source":"coinbase","transport":"ws","productId":"BTC-USD","bestBid":76599.14,"bestAsk":76599.15,"bestBidSize":0.24805038,"bestAskSize":0.00032637,"midPrice":76599.14499999999,"spread":0.00999999999476131,"spreadBps":0.0013054975998441382,"bids":[[76599.14,0.24805038],[76598.82,0.01962151],[76598.5,0.00013054],[76596.81,0.03916611],[76596.58,0.00388]],"asks":[[76599.15,0.00032637],[76600.16,0.0487991],[76601.18,0.01305664],[76602,0.0152],[76603.88,0.1009943]],"tradeCount":2,"buyTradeCount":0,"sellTradeCount":2,"buyVolume":0,"sellVolume":3.7e-7,"buyNotional":0,"sellNotional":0.0283423709,"netTakerVolume":-3.7e-7,"netTakerNotional":-0.0283423709,"takerBuyRatio":0}
{"timestamp":"2026-04-28T07:21:31.194Z","timestampMs":1777360891194,"source":"coinbase","transport":"ws","productId":"BTC-USD","bestBid":76601.59,"bestAsk":76601.6,"bestBidSize":0.20546587,"bestAskSize":0.0198,"midPrice":76601.595,"spread":0.010000000009313226,"spreadBps":0.001305455847141724,"bids":[[76601.59,0.20546587],[76598.88,0.00013054],[76598.82,0.01962151],[76596.83,0.04912806],[76596.82,0.03924545]],"asks":[[76601.6,0.0198],[76602.59,0.1312],[76603.63,0.00032636],[76603.88,0.10099363],[76604,0.0152]],"tradeCount":2,"buyTradeCount":0,"sellTradeCount":2,"buyVolume":0,"sellVolume":1.1e-7,"buyNotional":0,"sellNotional":0.0084261153,"netTakerVolume":-1.1e-7,"netTakerNotional":-0.0084261153,"takerBuyRatio":0}
{"timestamp":"2026-04-28T07:21:32.206Z","timestampMs":1777360892206,"source":"coinbase","transport":"ws","productId":"BTC-USD","bestBid":76606.62,"bestAsk":76606.63,"bestBidSize":0.21197,"bestAskSize":0.04949942,"midPrice":76606.625,"spread":0.010000000009313226,"spreadBps":0.001305370130757389,"bids":[[76606.62,0.21197],[76605.88,0.28525587],[76605.57,0.00032635],[76602.98,0.0351726],[76602.97,0.01962151]],"asks":[[76606.63,0.04949942],[76607.78,0.04949942],[76608.48,0.00007118],[76609.56,0.07831921],[76610,0.0252]],"tradeCount":4,"buyTradeCount":3,"sellTradeCount":1,"buyVolume":0.024426,"sellVolume":7e-8,"buyNotional":1871.17439008,"sellNotional":0.0053623892000000005,"netTakerVolume":0.02442593,"netTakerNotional":1871.1690276908,"takerBuyRatio":0.9999971342094737}
{"timestamp":"2026-04-28T07:21:33.213Z","timestampMs":1777360893213,"source":"coinbase","transport":"ws","productId":"BTC-USD","bestBid":76608.47,"bestAsk":76608.48,"bestBidSize":0.28558187,"bestAskSize":1.8e-7,"midPrice":76608.475,"spread":0.00999999999476131,"spreadBps":0.001305338605782364,"bids":[[76608.47,0.28558187],[76608.23,0.11074137],[76608.12,0.03916033],[76607.32,0.0156643],[76606.94,0.01305421]],"asks":[[76608.48,1.8e-7],[76609.24,0.04859999],[76610,0.01],[76610.39,0.06426366],[76614,0.0152]],"tradeCount":4,"buyTradeCount":1,"sellTradeCount":3,"buyVolume":0.000071,"sellVolume":3.3e-7,"buyNotional":5.43920208,"sellNotional":0.025280795100000003,"netTakerVolume":0.00007067,"netTakerNotional":5.413921284900001,"takerBuyRatio":0.9953736155895134}
{"timestamp":"2026-04-28T07:21:34.230Z","timestampMs":1777360894230,"source":"coinbase","transport":"ws","productId":"BTC-USD","bestBid":76608.47,"bestAsk":76608.48,"bestBidSize":0.28030541,"bestAskSize":1.8e-7,"midPrice":76608.475,"spread":0.00999999999476131,"spreadBps":0.001305338605782364,"bids":[[76608.47,0.28030541],[76608.23,0.11074137],[76608.12,0.03916033],[76607.32,0.0156643],[76607.04,0.04587421]],"asks":[[76608.48,1.8e-7],[76609.24,0.04859999],[76610,0.01],[76610.39,0.06426366],[76614,0.0152]],"tradeCount":2,"buyTradeCount":0,"sellTradeCount":2,"buyVolume":0,"sellVolume":0.005276459999999999,"buyNotional":0,"sellNotional":404.2215276162,"netTakerVolume":-0.005276459999999999,"netTakerNotional":-404.2215276162,"takerBuyRatio":0}
{"timestamp":"2026-04-28T07:21:35.234Z","timestampMs":1777360895234,"source":"coinbase","transport":"ws","productId":"BTC-USD","bestBid":76619.33,"bestAsk":76619.34,"bestBidSize":0.22495738,"bestAskSize":0.20199831,"midPrice":76619.33499999999,"spread":0.00999999999476131,"spreadBps":0.00130515358750651,"bids":[[76619.33,0.22495738],[76616.65,0.00013051],[76614.99,0.00001474],[76613.03,0.00016314],[76612.6,0.03915804]],"asks":[[76619.34,0.20199831],[76619.99,0.09280954],[76620,0.0152],[76620.09,0.0471],[76620.53,0.078308]],"tradeCount":6,"buyTradeCount":4,"sellTradeCount":2,"buyVolume":0.048600170000000005,"sellVolume":0.00064788,"buyNotional":3723.2220874340005,"sellNotional":49.634900932399994,"netTakerVolume":0.04795229000000001,"netTakerNotional":3673.5871865016006,"takerBuyRatio":0.9868445552666553}
{"timestamp":"2026-04-28T07:21:36.242Z","timestampMs":1777360896242,"source":"coinbase","transport":"ws","productId":"BTC-USD","bestBid":76619.33,"bestAsk":76619.34,"bestBidSize":0.28558216,"bestAskSize":3.4e-7,"midPrice":76619.33499999999,"spread":0.00999999999476131,"spreadBps":0.00130515358750651,"bids":[[76619.33,0.28558216],[76617.98,0.06209887],[76617.97,0.0391553],[76616.65,0.00013051],[76616.61,0.01962151]],"asks":[[76619.34,3.4e-7],[76620.09,0.0471],[76621.24,0.0471],[76624,0.0152],[76625,0.01]],"tradeCount":6,"buyTradeCount":3,"sellTradeCount":3,"buyVolume":0.01837,"sellVolume":0.00002244,"buyNotional":1407.4972758,"sellNotional":1.7193377652000001,"netTakerVolume":0.018347560000000002,"netTakerNotional":1405.7779380348,"takerBuyRatio":0.9987799334944141}
{"timestamp":"2026-04-28T07:21:37.260Z","timestampMs":1777360897260,"source":"coinbase","transport":"ws","productId":"BTC-USD","bestBid":76624.68,"bestAsk":76624.69,"bestBidSize":0.22508738,"bestAskSize":0.1312,"midPrice":76624.685,"spread":0.010000000009313226,"spreadBps":0.0013050624624836272,"bids":[[76624.68,0.22508738],[76618.14,0.01962151],[76618.1,0.04511088],[76616.65,0.00013051],[76615.59,0.00522916]],"asks":[[76624.69,0.1312],[76625.84,0.03693261],[76625.85,0.04650053],[76625.93,0.00016314],[76626.6,0.04649932]],"tradeCount":2,"buyTradeCount":1,"sellTradeCount":1,"buyVolume":0.0471,"sellVolume":4e-8,"buyNotional":3608.806239,"sellNotional":0.0030647512,"netTakerVolume":0.04709996,"netTakerNotional":3608.8031742488,"takerBuyRatio":0.9999991507438211}
{"timestamp":"2026-04-28T07:21:38.278Z","timestampMs":1777360898278,"source":"coinbase","transport":"ws","productId":"BTC-USD","bestBid":76621.97,"bestAsk":76622,"bestBidSize":0.01962151,"bestAskSize":0.0152,"midPrice":76621.985,"spread":0.029999999998835847,"spreadBps":0.00391532534674426,"bids":[[76621.97,0.01962151],[76621.06,0.0001305],[76618.14,0.04],[76618.13,0.15428983],[76618.12,0.03924545]],"asks":[[76622,0.0152],[76624,0.1312],[76624.79,0.07830364],[76624.8,0.00915688],[76626,0.0152]],"tradeCount":1,"buyTradeCount":0,"sellTradeCount":1,"buyVolume":0,"sellVolume":1.3e-7,"buyNotional":0,"sellNotional":0.0099610849,"netTakerVolume":-1.3e-7,"netTakerNotional":-0.0099610849,"takerBuyRatio":0}
{"timestamp":"2026-04-28T07:21:39.286Z","timestampMs":1777360899286,"source":"coinbase","transport":"ws","productId":"BTC-USD","bestBid":76614.99,"bestAsk":76615,"bestBidSize":0.20634631,"bestAskSize":0.0198,"midPrice":76614.995,"spread":0.00999999999476131,"spreadBps":0.0013052275203778727,"bids":[[76614.99,0.20634631],[76611.51,0.00388],[76609.24,0.00053954],[76607.55,0.00522916],[76607.54,0.03932237]],"asks":[[76615,0.0198],[76615.62,0.2],[76616.37,0.00915688],[76617.35,0.04650061],[76617.49,0.0783111]],"tradeCount":3,"buyTradeCount":0,"sellTradeCount":3,"buyVolume":0,"sellVolume":4.9e-7,"buyNotional":0,"sellNotional":0.0375421009,"netTakerVolume":-4.9e-7,"netTakerNotional":-0.0375421009,"takerBuyRatio":0}
{"timestamp":"2026-04-28T07:21:40.292Z","timestampMs":1777360900292,"source":"coinbase","transport":"ws","productId":"BTC-USD","bestBid":76616.36,"bestAsk":76617,"bestBidSize":0.0425691,"bestAskSize":0.1312,"midPrice":76616.68,"spread":0.6399999999994179,"spreadBps":0.08353272420567141,"bids":[[76616.36,0.0425691],[76615.61,0.01962151],[76614.99,0.00001459],[76613.69,0.00013051],[76612.24,0.00522916]],"asks":[[76617,0.1312],[76618,0.01458093],[76618.63,0.01305345],[76619.43,0.07830912],[76619.8,0.04629969]],"tradeCount":9,"buyTradeCount":3,"sellTradeCount":6,"buyVolume":0.20977507,"sellVolume":0.006041390000000001,"buyNotional":16072.05538898,"sellNotional":462.8854409335,"netTakerVolume":0.20373368,"netTakerNotional":15609.1699480465,"takerBuyRatio":0.9720068154208441}
{"timestamp":"2026-04-28T07:21:41.300Z","timestampMs":1777360901300,"source":"coinbase","transport":"ws","productId":"BTC-USD","bestBid":76613.97,"bestAsk":76613.98,"bestBidSize":0.20579218,"bestAskSize":0.0198,"midPrice":76613.975,"spread":0.00999999999476131,"spreadBps":0.0013052448975218046,"bids":[[76613.97,0.20579218],[76613.96,0.02012087],[76611.51,0.00141435],[76611.28,0.00013052],[76608.21,0.00049954]],"asks":[[76613.98,0.0198],[76614.98,0.07831366],[76616,0.0152],[76616.39,0.2],[76616.65,0.00013052]],"tradeCount":6,"buyTradeCount":0,"sellTradeCount":6,"buyVolume":0,"sellVolume":0.0026118000000000005,"buyNotional":0,"sellNotional":200.0939937627,"netTakerVolume":-0.0026118000000000005,"netTakerNotional":-200.0939937627,"takerBuyRatio":0}
{"timestamp":"2026-04-28T07:21:42.312Z","timestampMs":1777360902312,"source":"coinbase","transport":"ws","productId":"BTC-USD","bestBid":76611.51,"bestAsk":76611.52,"bestBidSize":0.20735319,"bestAskSize":0.37832127,"midPrice":76611.515,"spread":0.010000000009313226,"spreadBps":0.0013052868109073715,"bids":[[76611.51,0.20735319],[76607.32,0.01962151],[76606.76,0.03924545],[76605.76,0.00047305],[76605.21,0.00016316]],"asks":[[76611.52,0.37832127],[76611.99,0.01822672],[76612,0.0152],[76613.18,0.07831551],[76614,0.0152]],"tradeCount":2,"buyTradeCount":0,"sellTradeCount":2,"buyVolume":0,"sellVolume":3.4000000000000003e-7,"buyNotional":0,"sellNotional":0.026048553,"netTakerVolume":-3.4000000000000003e-7,"netTakerNotional":-0.026048553,"takerBuyRatio":0}
{"timestamp":"2026-04-28T07:21:43.331Z","timestampMs":1777360903331,"source":"coinbase","transport":"ws","productId":"BTC-USD","bestBid":76613.68,"bestAsk":76613.69,"bestBidSize":0.22504354,"bestAskSize":0.47613499,"midPrice":76613.685,"spread":0.010000000009313226,"spreadBps":0.0013052498400662005,"bids":[[76613.68,0.22504354],[76611.51,0.00133159],[76611,0.00013052],[76607.38,0.00016315],[76607.32,0.01962151]],"asks":[[76613.69,0.47613499],[76614,0.0152],[76614.04,0.07831463],[76615.6,0.04629999],[76615.65,0.2171587]],"tradeCount":6,"buyTradeCount":1,"sellTradeCount":5,"buyVolume":0.013054,"sellVolume":0.00013232,"buyNotional":1000.08678208,"sellNotional":10.1375221376,"netTakerVolume":0.01292168,"netTakerNotional":989.9492599424001,"takerBuyRatio":0.9899653580377239}
{"timestamp":"2026-04-28T07:21:44.343Z","timestampMs":1777360904343,"source":"coinbase","transport":"ws","productId":"BTC-USD","bestBid":76613.68,"bestAsk":76613.69,"bestBidSize":0.22489648,"bestAskSize":0.34425499,"midPrice":76613.685,"spread":0.010000000009313226,"spreadBps":0.0013052498400662005,"bids":[[76613.68,0.22489648],[76612.61,0.00047305],[76611.51,0.00133159],[76611,0.00013052],[76607.38,0.00016315]],"asks":[[76613.69,0.34425499],[76614,0.0152],[76614.04,0.07831463],[76615.6,0.04629999],[76615.65,0.2171587]],"tradeCount":3,"buyTradeCount":0,"sellTradeCount":3,"buyVolume":0,"sellVolume":0.00014706,"buyNotional":0,"sellNotional":11.266807780799999,"netTakerVolume":-0.00014706,"netTakerNotional":-11.266807780799999,"takerBuyRatio":0}
{"timestamp":"2026-04-28T07:21:45.350Z","timestampMs":1777360905350,"source":"coinbase","transport":"ws","productId":"BTC-USD","bestBid":76611.51,"bestAsk":76611.52,"bestBidSize":0.20689555,"bestAskSize":0.41104728,"midPrice":76611.515,"spread":0.010000000009313226,"spreadBps":0.0013052868109073715,"bids":[[76611.51,0.20689555],[76608.83,0.00013052],[76607.33,0.03924545],[76607.32,0.01962151],[76605.77,0.00522916]],"asks":[[76611.52,0.41104728],[76611.99,0.07831672],[76613.68,0.33519677],[76613.69,0.2],[76614,0.0152]],"tradeCount":2,"buyTradeCount":1,"sellTradeCount":1,"buyVolume":0.00226148,"sellVolume":4e-8,"buyNotional":173.26032766120002,"sellNotional":0.0030644604,"netTakerVolume":0.00226144,"netTakerNotional":173.25726320080003,"takerBuyRatio":0.9999823127807845}
{"timestamp":"2026-04-28T07:21:46.358Z","timestampMs":1777360906358,"source":"coinbase","transport":"ws","productId":"BTC-USD","bestBid":76613.68,"bestAsk":76614.2,"bestBidSize":0.37832193,"bestAskSize":0.00013052,"midPrice":76613.94,"spread":0.5200000000040745,"spreadBps":0.0678727657139255,"bids":[[76613.68,0.37832193],[76611.51,0.00133148],[76611.09,0.10110879],[76611.08,0.03915882],[76608.84,0.00522916]],"asks":[[76614.2,0.00013052],[76615.45,0.01305497],[76615.6,0.04629999],[76617.61,0.04639938],[76617.82,0.00016316]],"tradeCount":7,"buyTradeCount":4,"sellTradeCount":3,"buyVolume":0.24844233000000002,"sellVolume":2.4000000000000003e-7,"buyNotional":19034.249033981603,"sellNotional":0.0183884556,"netTakerVolume":0.24844209,"netTakerNotional":19034.230645526004,"takerBuyRatio":0.9999990339819782}
{"timestamp":"2026-04-28T07:21:47.368Z","timestampMs":1777360907368,"source":"coinbase","transport":"ws","productId":"BTC-USD","bestBid":76621.47,"bestAsk":76621.48,"bestBidSize":0.22508665,"bestAskSize":0.19875652,"midPrice":76621.475,"spread":0.00999999999476131,"spreadBps":0.0013051171352106324,"bids":[[76621.47,0.22508665],[76620.32,0.01566164],[76618.79,0.00013051],[76615.16,0.00016313],[76615.1,0.0392608]],"asks":[[76621.48,0.19875652],[76622,0.0159],[76622.07,0.07830642],[76622.22,0.04729874],[76622.63,0.01566117]],"tradeCount":4,"buyTradeCount":0,"sellTradeCount":4,"buyVolume":0,"sellVolume":5.6e-7,"buyNotional":0,"sellNotional":0.0429080232,"netTakerVolume":-5.6e-7,"netTakerNotional":-0.0429080232,"takerBuyRatio":0}
{"timestamp":"2026-04-28T07:21:48.381Z","timestampMs":1777360908381,"source":"coinbase","transport":"ws","productId":"BTC-USD","bestBid":76625.62,"bestAsk":76625.63,"bestBidSize":0.28525587,"bestAskSize":0.15340932,"midPrice":76625.625,"spread":0.010000000009313226,"spreadBps":0.0013050464527125524,"bids":[[76625.62,0.28525587],[76624.47,0.01566079],[76621.91,0.00053737],[76621.88,0.0391533],[76621.47,0.01945877]],"asks":[[76625.63,0.15340932],[76626.1,0.04650061],[76626.78,0.01566032],[76627.23,0.00026102],[76627.79,0.00016313]],"tradeCount":5,"buyTradeCount":2,"sellTradeCount":3,"buyVolume":0.056455,"sellVolume":0.00016205,"buyNotional":4325.70065392,"sellNotional":12.4165092431,"netTakerVolume":0.05629295,"netTakerNotional":4313.2841446769,"takerBuyRatio":0.9971377879984916}
{"timestamp":"2026-04-28T07:21:49.390Z","timestampMs":1777360909390,"source":"coinbase","transport":"ws","productId":"BTC-USD","bestBid":76621.12,"bestAsk":76621.13,"bestBidSize":0.22563463,"bestAskSize":0.15340932,"midPrice":76621.125,"spread":0.010000000009313226,"spreadBps":0.0013051230987946505,"bids":[[76621.12,0.22563463],[76619.97,0.01566171],[76618.44,0.00013051],[76617.04,0.04528628],[76616.98,0.0391558]],"asks":[[76621.13,0.15340932],[76621.86,0.09414179],[76621.87,0.04769908],[76622,0.0159],[76622.28,0.01566124]],"tradeCount":5,"buyTradeCount":1,"sellTradeCount":4,"buyVolume":0.000001,"sellVolume":6.4e-7,"buyNotional":0.07662113,"sellNotional":0.0490388032,"netTakerVolume":3.5999999999999994e-7,"netTakerNotional":0.027582326799999994,"takerBuyRatio":0.6097560975609756}
{"timestamp":"2026-04-28T07:21:50.395Z","timestampMs":1777360910395,"source":"coinbase","transport":"ws","productId":"BTC-USD","bestBid":76611.64,"bestAsk":76611.65,"bestBidSize":0.40989021,"bestAskSize":0.1312,"midPrice":76611.64499999999,"spread":0.00999999999476131,"spreadBps":0.0013052845941059368,"bids":[[76611.64,0.40989021],[76610.34,0.01566368],[76608.74,0.01962151],[76605.2,0.00016316],[76604.69,0.02569613]],"asks":[[76611.65,0.1312],[76612.2,0.01305319],[76612.64,0.06785888],[76613.16,0.00883985],[76613.65,0.07831502]],"tradeCount":24,"buyTradeCount":6,"sellTradeCount":18,"buyVolume":0.17230611000000004,"sellVolume":0.5478004900000001,"buyNotional":13200.6387183843,"sellNotional":41969.26936571971,"netTakerVolume":-0.37549438,"netTakerNotional":-28768.63064733541,"takerBuyRatio":0.2392786151383698}
{"timestamp":"2026-04-28T07:21:51.400Z","timestampMs":1777360911400,"source":"coinbase","transport":"ws","productId":"BTC-USD","bestBid":76609.6,"bestAsk":76609.61,"bestBidSize":0.24542534,"bestAskSize":0.1312,"midPrice":76609.60500000001,"spread":0.00999999999476131,"spreadBps":0.001305319351896059,"bids":[[76609.6,0.24542534],[76608.74,0.01962151],[76608.45,0.01566407],[76606.92,0.00013053],[76604.62,0.06714067]],"asks":[[76609.61,0.1312],[76610.31,0.01305333],[76610.76,0.0156636],[76611.46,0.01305333],[76612,0.09421671]],"tradeCount":10,"buyTradeCount":9,"sellTradeCount":1,"buyVolume":0.28722473,"sellVolume":3e-8,"buyNotional":22004.7477204873,"sellNotional":0.002298288,"netTakerVolume":0.2872247,"netTakerNotional":22004.7454221993,"takerBuyRatio":0.9999998955521802}
{"timestamp":"2026-04-28T07:21:52.408Z","timestampMs":1777360912408,"source":"coinbase","transport":"ws","productId":"BTC-USD","bestBid":76610.3,"bestAsk":76610.31,"bestBidSize":0.29866662,"bestAskSize":0.00029032,"midPrice":76610.305,"spread":0.00999999999476131,"spreadBps":0.0013053074249947591,"bids":[[76610.3,0.29866662],[76610.13,0.00029707],[76609.6,0.0000295],[76609.15,0.01566393],[76608.74,0.01962151]],"asks":[[76610.31,0.00029032],[76611.46,0.01305333],[76611.77,0.01305461],[76612.21,0.01305333],[76612.93,0.07831576]],"tradeCount":4,"buyTradeCount":2,"sellTradeCount":2,"buyVolume":0.00028868000000000003,"sellVolume":1.7000000000000001e-7,"buyNotional":22.1158642908,"sellNotional":0.013023751000000002,"netTakerVolume":0.00028851,"netTakerNotional":22.102840539800003,"takerBuyRatio":0.9994114592348969}
{"timestamp":"2026-04-28T07:21:53.421Z","timestampMs":1777360913421,"source":"coinbase","transport":"ws","productId":"BTC-USD","bestBid":76610.3,"bestAsk":76610.31,"bestBidSize":0.25279937,"bestAskSize":0.00002115,"midPrice":76610.305,"spread":0.00999999999476131,"spreadBps":0.0013053074249947591,"bids":[[76610.3,0.25279937],[76610.22,0.00031004],[76609.6,0.0000295],[76609.15,0.01566393],[76608.74,0.01962151]],"asks":[[76610.31,0.00002115],[76611.06,0.05080128],[76611.46,0.01305333],[76611.77,0.01305461],[76612.21,0.01305333]],"tradeCount":2,"buyTradeCount":0,"sellTradeCount":2,"buyVolume":0,"sellVolume":1.7000000000000001e-7,"buyNotional":0,"sellNotional":0.013023751,"netTakerVolume":-1.7000000000000001e-7,"netTakerNotional":-0.013023751,"takerBuyRatio":0}
{"timestamp":"2026-04-28T07:21:54.426Z","timestampMs":1777360914426,"source":"coinbase","transport":"ws","productId":"BTC-USD","bestBid":76611.76,"bestAsk":76611.77,"bestBidSize":0.22561123,"bestAskSize":0.01305461,"midPrice":76611.765,"spread":0.010000000009313226,"spreadBps":0.0013052825514871282,"bids":[[76611.76,0.22561123],[76610.73,0.00031012],[76610.61,0.01566363],[76609.6,0.0000295],[76609.08,0.00013052]],"asks":[[76611.77,0.01305461],[76612.92,0.01566315],[76612.93,0.07831576],[76612.96,0.01305333],[76613.24,0.0407263]],"tradeCount":4,"buyTradeCount":3,"sellTradeCount":1,"buyVolume":0.00088657,"sellVolume":3e-8,"buyNotional":67.9210516017,"sellNotional":0.0022983315,"netTakerVolume":0.00088654,"netTakerNotional":67.9187532702,"takerBuyRatio":0.9999661628693887}
{"timestamp":"2026-04-28T07:21:55.430Z","timestampMs":1777360915430,"source":"coinbase","transport":"ws","productId":"BTC-USD","bestBid":76611.76,"bestAsk":76611.77,"bestBidSize":0.3574912,"bestAskSize":0.01331566,"midPrice":76611.765,"spread":0.010000000009313226,"spreadBps":0.0013052825514871282,"bids":[[76611.76,0.3574912],[76611.55,0.00031012],[76610.61,0.01566363],[76609.6,0.0000295],[76609.08,0.00013052]],"asks":[[76611.77,0.01331566],[76612.92,0.01566315],[76612.96,0.01305333],[76613.24,0.0407263],[76613.67,0.01305333]],"tradeCount":2,"buyTradeCount":0,"sellTradeCount":2,"buyVolume":0,"sellVolume":6.999999999999999e-8,"buyNotional":0,"sellNotional":0.005362823199999999,"netTakerVolume":-6.999999999999999e-8,"netTakerNotional":-0.005362823199999999,"takerBuyRatio":0}
{"timestamp":"2026-04-28T07:21:56.451Z","timestampMs":1777360916451,"source":"coinbase","transport":"ws","productId":"BTC-USD","bestBid":76617.95,"bestAsk":76617.96,"bestBidSize":0.28558216,"bestAskSize":0.01305434,"midPrice":76617.955,"spread":0.010000000009313226,"spreadBps":0.0013051770971064453,"bids":[[76617.95,0.28558216],[76616.8,0.01566236],[76615.13,0.01964828],[76611.64,0.03915853],[76611.58,0.00013052]],"asks":[[76617.96,0.01305434],[76618.42,0.07831015],[76619.11,0.01566189],[76619.38,0.00026105],[76619.43,0.28284634]],"tradeCount":2,"buyTradeCount":2,"sellTradeCount":0,"buyVolume":0.240726,"sellVolume":0,"buyNotional":18443.00281224,"sellNotional":0,"netTakerVolume":0.240726,"netTakerNotional":18443.00281224,"takerBuyRatio":1}
{"timestamp":"2026-04-28T07:21:57.456Z","timestampMs":1777360917456,"source":"coinbase","transport":"ws","productId":"BTC-USD","bestBid":76618.99,"bestAsk":76619,"bestBidSize":0.07356169,"bestAskSize":0.151,"midPrice":76618.995,"spread":0.00999999999476131,"spreadBps":0.0013051593791802295,"bids":[[76618.99,0.07356169],[76617.84,0.01566215],[76617.81,0.00032629],[76617.47,0.20546587],[76617.46,0.00003061]],"asks":[[76619,0.151],[76619.62,0.07830893],[76620.15,0.01566168],[76620.89,0.05099897],[76621.68,0.00013051]],"tradeCount":6,"buyTradeCount":1,"sellTradeCount":5,"buyVolume":0.00013,"sellVolume":0.00912148,"buyNotional":9.9603166,"sellNotional":698.8802051992001,"netTakerVolume":-0.00899148,"netTakerNotional":-688.9198885992,"takerBuyRatio":0.014051805765131632}
{"timestamp":"2026-04-28T07:21:58.474Z","timestampMs":1777360918474,"source":"coinbase","transport":"ws","productId":"BTC-USD","bestBid":76620.24,"bestAsk":76620.25,"bestBidSize":0.25080713,"bestAskSize":0.00905063,"midPrice":76620.245,"spread":0.00999999999476131,"spreadBps":0.001305138086515034,"bids":[[76620.24,0.25080713],[76619.09,0.01566189],[76617.55,0.00013051],[76615.14,0.11704861],[76615.13,0.01962144]],"asks":[[76620.25,0.00905063],[76620.98,0.01305413],[76621.4,0.01566142],[76622,0.0159],[76622.14,0.01305296]],"tradeCount":3,"buyTradeCount":0,"sellTradeCount":3,"buyVolume":0,"sellVolume":5e-7,"buyNotional":0,"sellNotional":0.0383101148,"netTakerVolume":-5e-7,"netTakerNotional":-0.0383101148,"takerBuyRatio":0}
{"timestamp":"2026-04-28T07:21:59.479Z","timestampMs":1777360919479,"source":"coinbase","transport":"ws","productId":"BTC-USD","bestBid":76620.24,"bestAsk":76620.25,"bestBidSize":0.20549571,"bestAskSize":0.27662902,"midPrice":76620.245,"spread":0.00999999999476131,"spreadBps":0.001305138086515034,"bids":[[76620.24,0.20549571],[76620.17,0.00037364],[76619.09,0.01566189],[76617.55,0.00013051],[76615.13,0.01965983]],"asks":[[76620.25,0.27662902],[76620.36,0.11216167],[76620.37,0.07830816],[76621,0.0519],[76621.4,0.01566142]],"tradeCount":4,"buyTradeCount":1,"sellTradeCount":3,"buyVolume":0.00129224,"sellVolume":2.9e-7,"buyNotional":99.01175186,"sellNotional":0.0222198696,"netTakerVolume":0.00129195,"netTakerNotional":98.98953199040001,"takerBuyRatio":0.9997756338344178}
{"timestamp":"2026-04-28T07:22:00.493Z","timestampMs":1777360920493,"source":"coinbase","transport":"ws","productId":"BTC-USD","bestBid":76620.24,"bestAsk":76620.25,"bestBidSize":0.00002941,"bestAskSize":0.16132417,"midPrice":76620.245,"spread":0.00999999999476131,"spreadBps":0.001305138086515034,"bids":[[76620.24,0.00002941],[76620.17,0.00037364],[76619.09,0.01566189],[76617.55,0.00013051],[76615.13,0.01965983]],"asks":[[76620.25,0.16132417],[76620.36,0.11216167],[76620.37,0.07830816],[76621,0.0519],[76621.4,0.01566142]],"tradeCount":4,"buyTradeCount":0,"sellTradeCount":4,"buyVolume":0,"sellVolume":4.6999999999999995e-7,"buyNotional":0,"sellNotional":0.0360115128,"netTakerVolume":-4.6999999999999995e-7,"netTakerNotional":-0.0360115128,"takerBuyRatio":0}
{"timestamp":"2026-04-28T07:22:01.509Z","timestampMs":1777360921509,"source":"coinbase","transport":"ws","productId":"BTC-USD","bestBid":76620.24,"bestAsk":76620.25,"bestBidSize":0.01982951,"bestAskSize":0.16106315,"midPrice":76620.245,"spread":0.00999999999476131,"spreadBps":0.001305138086515034,"bids":[[76620.24,0.01982951],[76620.17,0.00037364],[76619.09,0.01566189],[76617.55,0.00013051],[76615.17,0.10885345]],"asks":[[76620.25,0.16106315],[76621,0.0519],[76621.4,0.01566142],[76621.42,0.07830709],[76622.14,0.01305296]],"tradeCount":3,"buyTradeCount":0,"sellTradeCount":3,"buyVolume":0,"sellVolume":0.00031894000000000003,"buyNotional":0,"sellNotional":24.4372593456,"netTakerVolume":-0.00031894000000000003,"netTakerNotional":-24.4372593456,"takerBuyRatio":0}
{"timestamp":"2026-04-28T07:22:02.517Z","timestampMs":1777360922517,"source":"coinbase","transport":"ws","productId":"BTC-USD","bestBid":76620.24,"bestAsk":76620.25,"bestBidSize":0.0202462,"bestAskSize":0.02986315,"midPrice":76620.245,"spread":0.00999999999476131,"spreadBps":0.001305138086515034,"bids":[[76620.24,0.0202462],[76619.1,0.0328344],[76619.09,0.01566189],[76617.55,0.00013051],[76616.37,0.00004994]],"asks":[[76620.25,0.02986315],[76620.53,0.00026102],[76621,0.0519],[76621.4,0.01566142],[76622,0.0159]],"tradeCount":0,"buyTradeCount":0,"sellTradeCount":0,"buyVolume":0,"sellVolume":0,"buyNotional":0,"sellNotional":0,"netTakerVolume":0,"netTakerNotional":0,"takerBuyRatio":null}
{"timestamp":"2026-04-28T07:22:03.526Z","timestampMs":1777360923526,"source":"coinbase","transport":"ws","productId":"BTC-USD","bestBid":76609.6,"bestAsk":76609.61,"bestBidSize":0.20554725,"bestAskSize":0.18766175,"midPrice":76609.60500000001,"spread":0.00999999999476131,"spreadBps":0.001305319351896059,"bids":[[76609.6,0.20554725],[76608.45,0.01566407],[76608.19,0.00016315],[76604.56,0.00388],[76603.63,0.00022841]],"asks":[[76609.61,0.18766175],[76609.79,0.07831898],[76610,0.0159],[76610.76,0.0156636],[76611.26,0.16332301]],"tradeCount":5,"buyTradeCount":1,"sellTradeCount":4,"buyVolume":0.00050727,"sellVolume":0.01639697,"buyNotional":38.8671542175,"sellNotional":1256.3193734993001,"netTakerVolume":-0.0158897,"netTakerNotional":-1217.4522192818001,"takerBuyRatio":0.030008447584747966}
{"timestamp":"2026-04-28T07:22:04.530Z","timestampMs":1777360924530,"source":"coinbase","transport":"ws","productId":"BTC-USD","bestBid":76599.75,"bestAsk":76599.76,"bestBidSize":0.31023709,"bestAskSize":0.01324209,"midPrice":76599.755,"spread":0.00999999999476131,"spreadBps":0.0013054872035506264,"bids":[[76599.75,0.31023709],[76599.36,0.01962151],[76597.01,0.03916601],[76596.69,0.07544],[76593.85,0.02342953]],"asks":[[76599.76,0.01324209],[76601.99,0.06029448],[76602,0.0159],[76602.05,0.00013054],[76602.08,0.0402308]],"tradeCount":7,"buyTradeCount":4,"sellTradeCount":3,"buyVolume":0.042144,"sellVolume":0.0039613800000000005,"buyNotional":3228.1002579700003,"sellNotional":303.460182048,"netTakerVolume":0.03818262,"netTakerNotional":2924.6400759220005,"takerBuyRatio":0.9140798752770284}
{"timestamp":"2026-04-28T07:22:05.538Z","timestampMs":1777360925538,"source":"coinbase","transport":"ws","productId":"BTC-USD","bestBid":76599.36,"bestAsk":76599.37,"bestBidSize":0.23739686,"bestAskSize":0.0952611,"midPrice":76599.36499999999,"spread":0.00999999999476131,"spreadBps":0.001305493850342142,"bids":[[76599.36,0.23739686],[76598.21,0.01566616],[76595.95,0.03916656],[76593.85,0.02342953],[76593.84,0.03924545]],"asks":[[76599.37,0.0952611],[76600.44,0.05180047],[76600.52,0.01566569],[76601.45,0.11404021],[76601.59,0.05180047]],"tradeCount":3,"buyTradeCount":3,"sellTradeCount":0,"buyVolume":0.026162869999999998,"sellVolume":0,"buyNotional":2004.0645237719,"sellNotional":0,"netTakerVolume":0.026162869999999998,"netTakerNotional":2004.0645237719,"takerBuyRatio":1}
{"timestamp":"2026-04-28T07:22:06.546Z","timestampMs":1777360926546,"source":"coinbase","transport":"ws","productId":"BTC-USD","bestBid":76599.36,"bestAsk":76599.37,"bestBidSize":0.22511668,"bestAskSize":0.23951801,"midPrice":76599.36499999999,"spread":0.00999999999476131,"spreadBps":0.001305493850342142,"bids":[[76599.36,0.22511668],[76598.21,0.01566616],[76593.06,0.00016318],[76592.37,0.03916838],[76591.28,0.01962151]],"asks":[[76599.37,0.23951801],[76599.72,0.1170491],[76600,0.0159],[76600.44,0.05180047],[76600.52,0.01566569]],"tradeCount":3,"buyTradeCount":0,"sellTradeCount":3,"buyVolume":0,"sellVolume":2e-7,"buyNotional":0,"sellNotional":0.015319872,"netTakerVolume":-2e-7,"netTakerNotional":-0.015319872,"takerBuyRatio":0}
{"timestamp":"2026-04-28T07:22:07.564Z","timestampMs":1777360927564,"source":"coinbase","transport":"ws","productId":"BTC-USD","bestBid":76599.36,"bestAsk":76599.37,"bestBidSize":0.20551264,"bestAskSize":0.23951801,"midPrice":76599.36499999999,"spread":0.00999999999476131,"spreadBps":0.001305493850342142,"bids":[[76599.36,0.20551264],[76598.21,0.01566616],[76593.06,0.00016318],[76591.28,0.01962151],[76590.81,0.00028291]],"asks":[[76599.37,0.23951801],[76599.6,0.07832939],[76599.72,0.1170491],[76600,0.0159],[76600.44,0.05180047]],"tradeCount":0,"buyTradeCount":0,"sellTradeCount":0,"buyVolume":0,"sellVolume":0,"buyNotional":0,"sellNotional":0,"netTakerVolume":0,"netTakerNotional":0,"takerBuyRatio":null}
{"timestamp":"2026-04-28T07:22:08.581Z","timestampMs":1777360928581,"source":"coinbase","transport":"ws","productId":"BTC-USD","bestBid":76599.36,"bestAsk":76599.37,"bestBidSize":0.20551264,"bestAskSize":0.51189892,"midPrice":76599.36499999999,"spread":0.00999999999476131,"spreadBps":0.001305493850342142,"bids":[[76599.36,0.20551264],[76598.21,0.01566616],[76596.68,0.00013054],[76593.06,0.00016318],[76591.28,0.01962151]],"asks":[[76599.37,0.51189892],[76599.38,0.0402308],[76599.6,0.07832939],[76599.72,0.1170491],[76600,0.0159]],"tradeCount":1,"buyTradeCount":1,"sellTradeCount":0,"buyVolume":0.00012921,"sellVolume":0,"buyNotional":9.8974045977,"sellNotional":0,"netTakerVolume":0.00012921,"netTakerNotional":9.8974045977,"takerBuyRatio":1}
{"timestamp":"2026-04-28T07:22:09.591Z","timestampMs":1777360929591,"source":"coinbase","transport":"ws","productId":"BTC-USD","bestBid":76599.36,"bestAsk":76599.37,"bestBidSize":0.20551264,"bestAskSize":0.506691,"midPrice":76599.36499999999,"spread":0.00999999999476131,"spreadBps":0.001305493850342142,"bids":[[76599.36,0.20551264],[76598.21,0.01566616],[76596.68,0.00013054],[76593.61,0.00026109],[76593.06,0.00016318]],"asks":[[76599.37,0.506691],[76599.59,0.18782954],[76599.6,0.07832939],[76600,0.0159],[76600.44,0.05180047]],"tradeCount":0,"buyTradeCount":0,"sellTradeCount":0,"buyVolume":0,"sellVolume":0,"buyNotional":0,"sellNotional":0,"netTakerVolume":0,"netTakerNotional":0,"takerBuyRatio":null}
{"timestamp":"2026-04-28T07:22:10.605Z","timestampMs":1777360930605,"source":"coinbase","transport":"ws","productId":"BTC-USD","bestBid":76599.36,"bestAsk":76599.37,"bestBidSize":0.20551264,"bestAskSize":0.58849322,"midPrice":76599.36499999999,"spread":0.00999999999476131,"spreadBps":0.001305493850342142,"bids":[[76599.36,0.20551264],[76598.21,0.01566616],[76593.06,0.00016318],[76591.53,0.03916881],[76591.28,0.01962151]],"asks":[[76599.37,0.58849322],[76599.59,0.18782954],[76599.6,0.07832939],[76600,0.0159],[76600.44,0.05180047]],"tradeCount":0,"buyTradeCount":0,"sellTradeCount":0,"buyVolume":0,"sellVolume":0,"buyNotional":0,"sellNotional":0,"netTakerVolume":0,"netTakerNotional":0,"takerBuyRatio":null}
{"timestamp":"2026-04-28T07:22:11.624Z","timestampMs":1777360931624,"source":"coinbase","transport":"ws","productId":"BTC-USD","bestBid":76599.36,"bestAsk":76599.37,"bestBidSize":5e-7,"bestAskSize":0.56715494,"midPrice":76599.36499999999,"spread":0.00999999999476131,"spreadBps":0.001305493850342142,"bids":[[76599.36,5e-7],[76596.68,0.00013054],[76593.73,0.01566708],[76593.06,0.00016318],[76592.38,0.00026109]],"asks":[[76599.37,0.56715494],[76599.59,0.74916791],[76599.6,0.07832939],[76600,0.0159],[76600.44,0.05180047]],"tradeCount":6,"buyTradeCount":3,"sellTradeCount":3,"buyVolume":0.00828103,"sellVolume":0.00007500000000000001,"buyNotional":634.3216809511,"sellNotional":5.744952,"netTakerVolume":0.00820603,"netTakerNotional":628.5767289511,"takerBuyRatio":0.9910244458193663}
{"timestamp":"2026-04-28T07:22:12.628Z","timestampMs":1777360932628,"source":"coinbase","transport":"ws","productId":"BTC-USD","bestBid":76590.15,"bestAsk":76590.7,"bestBidSize":0.20546587,"bestAskSize":0.01993056,"midPrice":76590.42499999999,"spread":0.5500000000029104,"spreadBps":0.07181054289787665,"bids":[[76590.15,0.20546587],[76590.14,0.0109],[76590.13,0.20546587],[76588.94,0.01566806],[76588.04,0.00032642]],"asks":[[76590.7,0.01993056],[76591.09,0.0783381],[76591.5,1],[76591.92,0.0402308],[76592.39,0.00789151]],"tradeCount":7,"buyTradeCount":0,"sellTradeCount":7,"buyVolume":0,"sellVolume":0.015816049999999998,"buyNotional":0,"sellNotional":1211.4239123604,"netTakerVolume":-0.015816049999999998,"netTakerNotional":-1211.4239123604,"takerBuyRatio":0}
{"timestamp":"2026-04-28T07:22:13.642Z","timestampMs":1777360933642,"source":"coinbase","transport":"ws","productId":"BTC-USD","bestBid":76592.38,"bestAsk":76592.39,"bestBidSize":0.01962151,"bestAskSize":0.0658,"midPrice":76592.38500000001,"spread":0.00999999999476131,"spreadBps":0.0013056128223140342,"bids":[[76592.38,0.01962151],[76591.56,0.01566752],[76588.73,0.03917025],[76588,0.0176],[76586.49,0.12602046]],"asks":[[76592.39,0.0658],[76593.78,0.01305982],[76593.99,0.09289678],[76594,0.0184],[76594.57,0.0518]],"tradeCount":3,"buyTradeCount":2,"sellTradeCount":1,"buyVolume":0.008021,"sellVolume":8e-8,"buyNotional":614.34734049,"sellNotional":0.006127506400000001,"netTakerVolume":0.00802092,"netTakerNotional":614.3412129835999,"takerBuyRatio":0.9999900262807503}
{"timestamp":"2026-04-28T07:22:14.648Z","timestampMs":1777360934648,"source":"coinbase","transport":"ws","productId":"BTC-USD","bestBid":76586.5,"bestAsk":76586.51,"bestBidSize":0.2250873,"bestAskSize":0.0656,"midPrice":76586.505,"spread":0.00999999999476131,"spreadBps":0.0013057130619501844,"bids":[[76586.5,0.2250873],[76585.64,0.00388613],[76585.35,0.01566879],[76582.7,0.03657337],[76582.62,0.03917337]],"asks":[[76586.51,0.0656],[76586.99,0.64507358],[76587,1],[76587.5,0.04645694],[76587.66,0.01566832]],"tradeCount":3,"buyTradeCount":1,"sellTradeCount":2,"buyVolume":0.00634329,"sellVolume":2.1e-7,"buyNotional":485.816722875,"sellNotional":0.0160831819,"netTakerVolume":0.00634308,"netTakerNotional":485.8006396931,"takerBuyRatio":0.9999668952471034}
{"timestamp":"2026-04-28T07:22:15.655Z","timestampMs":1777360935655,"source":"coinbase","transport":"ws","productId":"BTC-USD","bestBid":76586.5,"bestAsk":76586.51,"bestBidSize":0.32779719,"bestAskSize":0.21305891,"midPrice":76586.505,"spread":0.00999999999476131,"spreadBps":0.0013057130619501844,"bids":[[76586.5,0.32779719],[76585.64,0.00388613],[76585.35,0.01566879],[76584,0.0194],[76583.82,0.00013057]],"asks":[[76586.51,0.21305891],[76586.99,0.04807358],[76587.5,0.04645694],[76587.66,0.01566832],[76589.19,0.00013057]],"tradeCount":2,"buyTradeCount":0,"sellTradeCount":2,"buyVolume":0,"sellVolume":1.1e-7,"buyNotional":0,"sellNotional":0.008424515,"netTakerVolume":-1.1e-7,"netTakerNotional":-0.008424515,"takerBuyRatio":0}
{"timestamp":"2026-04-28T07:22:16.671Z","timestampMs":1777360936671,"source":"coinbase","transport":"ws","productId":"BTC-USD","bestBid":76586.5,"bestAsk":76586.51,"bestBidSize":0.22510437,"bestAskSize":0.04016,"midPrice":76586.505,"spread":0.00999999999476131,"spreadBps":0.0013057130619501844,"bids":[[76586.5,0.22510437],[76585.64,0.00388613],[76585.35,0.01566879],[76584.48,0.03917242],[76582.43,0.01513992]],"asks":[[76586.51,0.04016],[76587,1],[76587.66,0.01566832],[76588,0.0203],[76589.19,0.00013057]],"tradeCount":7,"buyTradeCount":2,"sellTradeCount":5,"buyVolume":0.24645694,"sellVolume":0.03528887,"buyNotional":18875.32289225,"sellNotional":2702.8985911315003,"netTakerVolume":0.21116807,"netTakerNotional":16172.424301118499,"takerBuyRatio":0.8747492642392801}
{"timestamp":"2026-04-28T07:22:17.681Z","timestampMs":1777360937681,"source":"coinbase","transport":"ws","productId":"BTC-USD","bestBid":76590.46,"bestAsk":76590.47,"bestBidSize":0.22526587,"bestAskSize":0.01305838,"midPrice":76590.465,"spread":0.00999999999476131,"spreadBps":0.0013056455519314723,"bids":[[76590.46,0.22526587],[76590.23,0.0466],[76589.76,0.00034753],[76589.31,0.01566798],[76588.01,0.03847946]],"asks":[[76590.47,0.01305838],[76591.49,0.70999129],[76591.5,1],[76591.62,0.01566751],[76592,0.0203]],"tradeCount":6,"buyTradeCount":1,"sellTradeCount":5,"buyVolume":0.0524,"sellVolume":4.6e-7,"buyNotional":4013.209628,"sellNotional":0.0352300591,"netTakerVolume":0.05239954,"netTakerNotional":4013.1743979409002,"takerBuyRatio":0.9999912214511094}
{"timestamp":"2026-04-28T07:22:18.698Z","timestampMs":1777360938698,"source":"coinbase","transport":"ws","productId":"BTC-USD","bestBid":76590.46,"bestAsk":76590.47,"bestBidSize":0.20581309,"bestAskSize":0.01300619,"midPrice":76590.465,"spread":0.00999999999476131,"spreadBps":0.0013056455519314723,"bids":[[76590.46,0.20581309],[76589.31,0.01566798],[76588.01,0.05673757],[76588,0.0203],[76587.15,0.03917105]],"asks":[[76590.47,0.01300619],[76591.5,1],[76591.62,0.01566751],[76592,0.0203],[76592.23,0.05189974]],"tradeCount":4,"buyTradeCount":2,"sellTradeCount":2,"buyVolume":0.00005219,"sellVolume":3.1e-7,"buyNotional":3.9972566293000003,"sellNotional":0.023743042600000003,"netTakerVolume":0.00005188,"netTakerNotional":3.9735135867,"takerBuyRatio":0.994095238095238}
{"timestamp":"2026-04-28T07:22:19.719Z","timestampMs":1777360939719,"source":"coinbase","transport":"ws","productId":"BTC-USD","bestBid":76589.77,"bestAsk":76589.78,"bestBidSize":0.01947587,"bestAskSize":0.09278791,"midPrice":76589.775,"spread":0.00999999999476131,"spreadBps":0.0013056573145385675,"bids":[[76589.77,0.01947587],[76587.09,0.00013056],[76586.52,0.03597872],[76586,0.0203],[76585.64,0.00388613]],"asks":[[76589.78,0.09278791],[76590,1.0214],[76592,0.0203],[76592.23,0.05189974],[76592.42,0.10087347]],"tradeCount":14,"buyTradeCount":1,"sellTradeCount":13,"buyVolume":0.00001688,"sellVolume":0.07902426999999998,"buyNotional":1.2928354864,"sellNotional":6052.282828076402,"netTakerVolume":-0.07900738999999998,"netTakerNotional":-6050.989992590003,"takerBuyRatio":0.0002135596458300519}
{"timestamp":"2026-04-28T07:22:20.729Z","timestampMs":1777360940729,"source":"coinbase","transport":"ws","productId":"BTC-USD","bestBid":76589.77,"bestAsk":76589.78,"bestBidSize":0.22494152,"bestAskSize":0.01180746,"midPrice":76589.775,"spread":0.00999999999476131,"spreadBps":0.0013056573145385675,"bids":[[76589.77,0.22494152],[76587.09,0.00013056],[76585.73,0.04913511],[76585.72,0.03917178],[76585.64,0.00388613]],"asks":[[76589.78,0.01180746],[76589.99,0.65287904],[76590,1.0214],[76592,0.0203],[76592.23,0.05189974]],"tradeCount":2,"buyTradeCount":0,"sellTradeCount":2,"buyVolume":0,"sellVolume":2.2e-7,"buyNotional":0,"sellNotional":0.016849749400000003,"netTakerVolume":-2.2e-7,"netTakerNotional":-0.016849749400000003,"takerBuyRatio":0}
{"timestamp":"2026-04-28T07:22:21.739Z","timestampMs":1777360941739,"source":"coinbase","transport":"ws","productId":"BTC-USD","bestBid":76589.77,"bestAsk":76589.78,"bestBidSize":0.22494152,"bestAskSize":0.01180746,"midPrice":76589.775,"spread":0.00999999999476131,"spreadBps":0.0013056573145385675,"bids":[[76589.77,0.22494152],[76587.09,0.00013056],[76586,0.0224],[76585.73,0.04913511],[76585.72,0.03917178]],"asks":[[76589.78,0.01180746],[76590,1.0214],[76590.5,0.01305671],[76591.65,0.01305671],[76592,0.0203]],"tradeCount":1,"buyTradeCount":1,"sellTradeCount":0,"buyVolume":0.00125082,"sellVolume":0,"buyNotional":95.8000286196,"sellNotional":0,"netTakerVolume":0.00125082,"netTakerNotional":95.8000286196,"takerBuyRatio":1}
{"timestamp":"2026-04-28T07:22:22.754Z","timestampMs":1777360942754,"source":"coinbase","transport":"ws","productId":"BTC-USD","bestBid":76592.22,"bestAsk":76592.23,"bestBidSize":0.36484445,"bestAskSize":4.4e-7,"midPrice":76592.225,"spread":0.00999999999476131,"spreadBps":0.00130561554971948,"bids":[[76592.22,0.36484445],[76590.81,0.04582827],[76590.64,0.03916927],[76590,0.0235],[76589.77,0.01947547]],"asks":[[76592.23,4.4e-7],[76594.57,0.0518],[76595.32,0.01305828],[76596,0.0235],[76597.17,0.00031271]],"tradeCount":6,"buyTradeCount":4,"sellTradeCount":2,"buyVolume":0.065268,"sellVolume":1.8e-7,"buyNotional":4998.99908076,"sellNotional":0.013786158600000003,"netTakerVolume":0.06526782,"netTakerNotional":4998.9852946014,"takerBuyRatio":0.999997242147705}
{"timestamp":"2026-04-28T07:22:23.764Z","timestampMs":1777360943764,"source":"coinbase","transport":"ws","productId":"BTC-USD","bestBid":76595.99,"bestAsk":76596,"bestBidSize":0.01962151,"bestAskSize":1.15570639,"midPrice":76595.995,"spread":0.00999999999476131,"spreadBps":0.001305551288257475,"bids":[[76595.99,0.01962151],[76590.64,0.00013055],[76590.01,0.02567019],[76590,0.0235],[76589.77,0.01947547]],"asks":[[76596,1.15570639],[76596.32,0.18138771],[76596.33,0.07833273],[76596.71,0.05079928],[76598,0.0176]],"tradeCount":4,"buyTradeCount":0,"sellTradeCount":4,"buyVolume":0,"sellVolume":0.01963476,"buyNotional":0,"sellNotional":1503.9438806124,"netTakerVolume":-0.01963476,"netTakerNotional":-1503.9438806124,"takerBuyRatio":0}
{"timestamp":"2026-04-28T07:22:24.773Z","timestampMs":1777360944773,"source":"coinbase","transport":"ws","productId":"BTC-USD","bestBid":76595.99,"bestAsk":76596,"bestBidSize":3.3e-7,"bestAskSize":1.32068287,"midPrice":76595.995,"spread":0.00999999999476131,"spreadBps":0.001305551288257475,"bids":[[76595.99,3.3e-7],[76593.31,0.00013055],[76591,0.03927053],[76590.02,0.20546587],[76589.77,0.01947547]],"asks":[[76596,1.32068287],[76596.32,0.28290306],[76596.71,0.06385569],[76597.04,0.26110669],[76597.79,0.02507318]],"tradeCount":6,"buyTradeCount":0,"sellTradeCount":6,"buyVolume":0,"sellVolume":0.24470855999999996,"buyNotional":0,"sellNotional":18743.6944146744,"netTakerVolume":-0.24470855999999996,"netTakerNotional":-18743.6944146744,"takerBuyRatio":0}
{"timestamp":"2026-04-28T07:22:25.782Z","timestampMs":1777360945782,"source":"coinbase","transport":"ws","productId":"BTC-USD","bestBid":76591,"bestAsk":76591.01,"bestBidSize":5.1e-7,"bestAskSize":0.69322629,"midPrice":76591.005,"spread":0.00999999999476131,"spreadBps":0.0013056363465607105,"bids":[[76591,5.1e-7],[76588.32,0.00013056],[76586.01,0.03924545],[76586,0.02243081],[76585.64,0.00388613]],"asks":[[76591.01,0.69322629],[76591.49,0.9936314],[76591.5,1],[76592,0.0247],[76592.2,0.01305641]],"tradeCount":2,"buyTradeCount":0,"sellTradeCount":2,"buyVolume":0,"sellVolume":0.019751,"buyNotional":0,"sellNotional":1512.7491413,"netTakerVolume":-0.019751,"netTakerNotional":-1512.7491413,"takerBuyRatio":0}
{"timestamp":"2026-04-28T07:22:26.794Z","timestampMs":1777360946794,"source":"coinbase","transport":"ws","productId":"BTC-USD","bestBid":76591,"bestAsk":76591.01,"bestBidSize":3.8e-7,"bestAskSize":0.89869116,"midPrice":76591.005,"spread":0.00999999999476131,"spreadBps":0.0013056363465607105,"bids":[[76591,3.8e-7],[76588.32,0.00013056],[76586.01,0.03927626],[76586,0.0224],[76585.64,0.00388613]],"asks":[[76591.01,0.89869116],[76591.49,0.9936314],[76591.5,1],[76592,0.0247],[76592.2,0.01305641]],"tradeCount":3,"buyTradeCount":1,"sellTradeCount":2,"buyVolume":0.000001,"sellVolume":2.1e-7,"buyNotional":0.07659100999999999,"sellNotional":0.01608411,"netTakerVolume":7.9e-7,"netTakerNotional":0.06050689999999999,"takerBuyRatio":0.8264462809917356}
{"timestamp":"2026-04-28T07:22:27.804Z","timestampMs":1777360947804,"source":"coinbase","transport":"ws","productId":"BTC-USD","bestBid":76588.78,"bestAsk":76589.03,"bestBidSize":0.20546587,"bestAskSize":0.01305884,"midPrice":76588.905,"spread":0.25,"spreadBps":0.032641803665948745,"bids":[[76588.78,0.20546587],[76588.33,0.01966003],[76586.02,0.06276138],[76586.01,0.03924545],[76586,0.0224]],"asks":[[76589.03,0.01305884],[76589.99,0.85200423],[76590,1],[76591.01,0.33666487],[76591.7,0.00013056]],"tradeCount":4,"buyTradeCount":0,"sellTradeCount":4,"buyVolume":0,"sellVolume":0.00075721,"buyNotional":0,"sellNotional":57.99516452440001,"netTakerVolume":-0.00075721,"netTakerNotional":-57.99516452440001,"takerBuyRatio":0}
{"timestamp":"2026-04-28T07:22:28.811Z","timestampMs":1777360948811,"source":"coinbase","transport":"ws","productId":"BTC-USD","bestBid":76592.19,"bestAsk":76592.2,"bestBidSize":0.35966521,"bestAskSize":0.01305787,"midPrice":76592.195,"spread":0.00999999999476131,"spreadBps":0.0013056160611092697,"bids":[[76592.19,0.35966521],[76590.62,0.0214],[76590.01,0.0368408],[76590,0.0257],[76589.31,0.03916995]],"asks":[[76592.2,0.01305787],[76594,0.0257],[76594.38,0.00013056],[76595.58,0.04],[76595.99,0.7304295]],"tradeCount":1,"buyTradeCount":0,"sellTradeCount":1,"buyVolume":0,"sellVolume":4e-8,"buyNotional":0,"sellNotional":0.0030636676,"netTakerVolume":-4e-8,"netTakerNotional":-0.0030636676,"takerBuyRatio":0}
{"timestamp":"2026-04-28T07:22:29.820Z","timestampMs":1777360949820,"source":"coinbase","transport":"ws","productId":"BTC-USD","bestBid":76592.19,"bestAsk":76592.2,"bestBidSize":0.31316503,"bestAskSize":0.01305787,"midPrice":76592.195,"spread":0.00999999999476131,"spreadBps":0.0013056160611092697,"bids":[[76592.19,0.31316503],[76591.04,0.01566763],[76590.01,0.0368408],[76590,0.0257],[76589.31,0.03916995]],"asks":[[76592.2,0.01305787],[76592.26,0.00029709],[76593.35,0.01566716],[76594,0.0257],[76594.38,0.00013056]],"tradeCount":2,"buyTradeCount":0,"sellTradeCount":2,"buyVolume":0,"sellVolume":1.8e-7,"buyNotional":0,"sellNotional":0.0137865942,"netTakerVolume":-1.8e-7,"netTakerNotional":-0.0137865942,"takerBuyRatio":0}
{"timestamp":"2026-04-28T07:22:30.831Z","timestampMs":1777360950831,"source":"coinbase","transport":"ws","productId":"BTC-USD","bestBid":76592.19,"bestAsk":76592.2,"bestBidSize":0.10769916,"bestAskSize":0.01309236,"midPrice":76592.195,"spread":0.00999999999476131,"spreadBps":0.0013056160611092697,"bids":[[76592.19,0.10769916],[76591.04,0.01566763],[76590.01,0.0368408],[76590,0.0257],[76589.31,0.03916995]],"asks":[[76592.2,0.01309236],[76592.42,0.00028709],[76593.35,0.01566716],[76594,0.0257],[76594.38,0.00013056]],"tradeCount":0,"buyTradeCount":0,"sellTradeCount":0,"buyVolume":0,"sellVolume":0,"buyNotional":0,"sellNotional":0,"netTakerVolume":0,"netTakerNotional":0,"takerBuyRatio":null}
{"timestamp":"2026-04-28T07:22:31.841Z","timestampMs":1777360951841,"source":"coinbase","transport":"ws","productId":"BTC-USD","bestBid":76589.01,"bestAsk":76589.02,"bestBidSize":0.00013056,"bestAskSize":0.21025787,"midPrice":76589.015,"spread":0.010000000009313226,"spreadBps":0.0013056702725989134,"bids":[[76589.01,0.00013056],[76585.65,0.00522254],[76585.64,0.00388613],[76585.39,0.0001632],[76584.98,0.00026112]],"asks":[[76589.02,0.21025787],[76589.99,0.68398535],[76590,1.0257],[76590.17,0.01566781],[76591.14,0.07833805]],"tradeCount":4,"buyTradeCount":0,"sellTradeCount":4,"buyVolume":0,"sellVolume":0.00031009,"buyNotional":0,"sellNotional":23.750472197100002,"netTakerVolume":-0.00031009,"netTakerNotional":-23.750472197100002,"takerBuyRatio":0}
{"timestamp":"2026-04-28T07:22:32.854Z","timestampMs":1777360952854,"source":"coinbase","transport":"ws","productId":"BTC-USD","bestBid":76592.31,"bestAsk":76592.32,"bestBidSize":0.32342587,"bestAskSize":0.06525685,"midPrice":76592.315,"spread":0.010000000009313226,"spreadBps":0.001305614017452433,"bids":[[76592.31,0.32342587],[76592.01,0.04241013],[76592,0.0257],[76591.77,0.01962151],[76591.57,0.0391688]],"asks":[[76592.32,0.06525685],[76593.47,0.01566713],[76595.56,0.00030015],[76596,0.2235],[76596.71,0.01305641]],"tradeCount":1,"buyTradeCount":0,"sellTradeCount":1,"buyVolume":0,"sellVolume":2.2e-7,"buyNotional":0,"sellNotional":0.0168495822,"netTakerVolume":-2.2e-7,"netTakerNotional":-0.0168495822,"takerBuyRatio":0}
{"timestamp":"2026-04-28T07:22:33.874Z","timestampMs":1777360953874,"source":"coinbase","transport":"ws","productId":"BTC-USD","bestBid":76595.99,"bestAsk":76596,"bestBidSize":0.68689807,"bestAskSize":0.22534827,"midPrice":76595.995,"spread":0.00999999999476131,"spreadBps":0.001305551288257475,"bids":[[76595.99,0.68689807],[76595.38,0.03916685],[76594.97,0.02478652],[76594.84,0.01566685],[76594,0.02572106]],"asks":[[76596,0.22534827],[76596.02,0.03],[76596.7,0.05209682],[76596.71,0.01305641],[76597.15,0.01566638]],"tradeCount":7,"buyTradeCount":6,"sellTradeCount":1,"buyVolume":0.06027277,"sellVolume":9e-8,"buyNotional":4616.446394905301,"sellNotional":0.0068936391000000005,"netTakerVolume":0.06027268,"netTakerNotional":4616.439501266201,"takerBuyRatio":0.9999985067906185}
{"timestamp":"2026-04-28T07:22:34.886Z","timestampMs":1777360954886,"source":"coinbase","transport":"ws","productId":"BTC-USD","bestBid":76595.99,"bestAsk":76596,"bestBidSize":0.50315542,"bestAskSize":0.43081414,"midPrice":76595.995,"spread":0.00999999999476131,"spreadBps":0.001305551288257475,"bids":[[76595.99,0.50315542],[76595.39,0.04500081],[76594.84,0.01566685],[76594,0.02572106],[76593.46,0.03916783]],"asks":[[76596,0.43081414],[76596.02,0.03],[76596.7,0.05209682],[76596.71,0.01305641],[76597.15,0.01566638]],"tradeCount":5,"buyTradeCount":1,"sellTradeCount":4,"buyVolume":0.00064629,"sellVolume":3.2e-7,"buyNotional":49.50322884,"sellNotional":0.024510716800000002,"netTakerVolume":0.0006459699999999999,"netTakerNotional":49.4787181232,"takerBuyRatio":0.9995051112726372}
{"timestamp":"2026-04-28T07:22:35.905Z","timestampMs":1777360955905,"source":"coinbase","transport":"ws","productId":"BTC-USD","bestBid":76601.01,"bestAsk":76601.02,"bestBidSize":0.0198,"bestAskSize":0.01305579,"midPrice":76601.015,"spread":0.010000000009313226,"spreadBps":0.0013054657316633764,"bids":[[76601.01,0.0198],[76599.99,0.01962151],[76596.73,0.03916615],[76594.51,0.10117064],[76594.5,0.13055766]],"asks":[[76601.02,0.01305579],[76601.59,0.05180047],[76601.75,0.00026111],[76602.17,0.01566535],[76602.3,0.00016319]],"tradeCount":5,"buyTradeCount":3,"sellTradeCount":2,"buyVolume":0.246536,"sellVolume":1.2e-7,"buyNotional":18883.707923200003,"sellNotional":0.0091915188,"netTakerVolume":0.24653588,"netTakerNotional":18883.698731681205,"takerBuyRatio":0.9999995132559075}
{"timestamp":"2026-04-28T07:22:36.922Z","timestampMs":1777360956922,"source":"coinbase","transport":"ws","productId":"BTC-USD","bestBid":76609.99,"bestAsk":76610.99,"bestBidSize":0.03999761,"bestAskSize":0.0198,"midPrice":76610.49,"spread":1,"spreadBps":0.13053042736053508,"bids":[[76609.99,0.03999761],[76608,0.0257],[76607.18,0.01962151],[76606,0.0257],[76605.74,0.00032635]],"asks":[[76610.99,0.0198],[76611.96,0.07831675],[76611.99,0.22893906],[76614,0.0257],[76615,0.01]],"tradeCount":5,"buyTradeCount":2,"sellTradeCount":3,"buyVolume":0.00115762,"sellVolume":2.2e-7,"buyNotional":88.67369199999999,"sellNotional":0.0168521703,"netTakerVolume":0.0011574,"netTakerNotional":88.65683982969999,"takerBuyRatio":0.9998099910177572}
{"timestamp":"2026-04-28T07:22:37.946Z","timestampMs":1777360957946,"source":"coinbase","transport":"ws","productId":"BTC-USD","bestBid":76609.99,"bestAsk":76610,"bestBidSize":0.00006761,"bestAskSize":0.0924,"midPrice":76609.995,"spread":0.00999999999476131,"spreadBps":0.0013053127068813034,"bids":[[76609.99,0.00006761],[76608.29,0.00013052],[76607.03,0.01566436],[76606.01,0.01962151],[76606,0.0257]],"asks":[[76610,0.0924],[76610.97,0.29110621],[76610.98,0.3312],[76611.15,0.01566352],[76612,0.0257]],"tradeCount":4,"buyTradeCount":0,"sellTradeCount":4,"buyVolume":0,"sellVolume":6.9e-7,"buyNotional":0,"sellNotional":0.05286272649999999,"netTakerVolume":-6.9e-7,"netTakerNotional":-0.05286272649999999,"takerBuyRatio":0}
{"timestamp":"2026-04-28T07:22:38.960Z","timestampMs":1777360958960,"source":"coinbase","transport":"ws","productId":"BTC-USD","bestBid":76610.97,"bestAsk":76610.98,"bestBidSize":0.31015586,"bestAskSize":0.2,"midPrice":76610.975,"spread":0.00999999999476131,"spreadBps":0.0013052960094505142,"bids":[[76610.97,0.31015586],[76610.7,0.05031119],[76610,0.0257],[76608.56,0.00032633],[76608.52,0.03916013]],"asks":[[76610.98,0.2],[76611.83,0.01305327],[76613.33,0.01305501],[76614.37,0.0542675],[76614.38,0.04]],"tradeCount":4,"buyTradeCount":0,"sellTradeCount":4,"buyVolume":0,"sellVolume":0.20553348,"buyNotional":0,"sellNotional":15745.9178474652,"netTakerVolume":-0.20553348,"netTakerNotional":-15745.9178474652,"takerBuyRatio":0}
{"timestamp":"2026-04-28T07:22:39.976Z","timestampMs":1777360959976,"source":"coinbase","transport":"ws","productId":"BTC-USD","bestBid":76617.11,"bestAsk":76617.12,"bestBidSize":0.49363056,"bestAskSize":0.24786587,"midPrice":76617.11499999999,"spread":0.00999999999476131,"spreadBps":0.0013051914046569506,"bids":[[76617.11,0.49363056],[76616.01,0.0757838],[76614.37,0.01962151],[76614,0.0257],[76613.67,0.00013052]],"asks":[[76617.12,0.24786587],[76617.58,0.01305501],[76618.27,0.05130098],[76618.59,0.07830998],[76619.12,0.1312]],"tradeCount":5,"buyTradeCount":3,"sellTradeCount":2,"buyVolume":0.20001291999999998,"sellVolume":1.8e-7,"buyNotional":15323.185883371198,"sellNotional":0.013790075399999999,"netTakerVolume":0.20001274,"netTakerNotional":15323.172093295798,"takerBuyRatio":0.9999991000589462}
{"timestamp":"2026-04-28T07:22:40.982Z","timestampMs":1777360960982,"source":"coinbase","transport":"ws","productId":"BTC-USD","bestBid":76617.17,"bestAsk":76617.18,"bestBidSize":0.0198,"bestAskSize":0.20546587,"midPrice":76617.17499999999,"spread":0.00999999999476131,"spreadBps":0.001305190382542989,"bids":[[76617.17,0.0198],[76616.01,0.00000626],[76616,0.0257],[76614.44,0.05429836],[76614.43,0.00013051]],"asks":[[76617.18,0.20546587],[76618.22,0.01305344],[76618.56,0.05130054],[76618.94,0.05130054],[76619.03,0.07830953]],"tradeCount":4,"buyTradeCount":0,"sellTradeCount":4,"buyVolume":0,"sellVolume":4.7e-7,"buyNotional":0,"sellNotional":0.03601007740000001,"netTakerVolume":-4.7e-7,"netTakerNotional":-0.03601007740000001,"takerBuyRatio":0}
{"timestamp":"2026-04-28T07:22:41.997Z","timestampMs":1777360961997,"source":"coinbase","transport":"ws","productId":"BTC-USD","bestBid":76616.1,"bestAsk":76616.48,"bestBidSize":0.01979993,"bestAskSize":0.20546587,"midPrice":76616.29000000001,"spread":0.3799999999901047,"spreadBps":0.04959780746236925,"bids":[[76616.1,0.01979993],[76616.01,0.00000626],[76614.44,0.05429836],[76614.37,0.01962151],[76614,0.0257]],"asks":[[76616.48,0.20546587],[76618,0.0257],[76619.23,0.05080048],[76619.69,0.18609046],[76619.7,0.07830884]],"tradeCount":4,"buyTradeCount":0,"sellTradeCount":4,"buyVolume":0,"sellVolume":3.3e-7,"buyNotional":0,"sellNotional":0.0252837016,"netTakerVolume":-3.3e-7,"netTakerNotional":-0.0252837016,"takerBuyRatio":0}
{"timestamp":"2026-04-28T07:22:43.014Z","timestampMs":1777360963014,"source":"coinbase","transport":"ws","productId":"BTC-USD","bestBid":76620.2,"bestAsk":76620.21,"bestBidSize":0.42533877,"bestAskSize":0.204659,"midPrice":76620.205,"spread":0.010000000009313226,"spreadBps":0.0013051387697687869,"bids":[[76620.2,0.42533877],[76619.7,0.03682887],[76617.01,0.00013051],[76616.01,0.00000626],[76616,0.0257]],"asks":[[76620.21,0.204659],[76620.38,0.05080048],[76620.43,0.01305182],[76620.94,0.0514],[76621.59,0.01305244]],"tradeCount":6,"buyTradeCount":2,"sellTradeCount":4,"buyVolume":0.01385931,"sellVolume":7.7e-7,"buyNotional":1061.9032426551,"sellNotional":0.0589970627,"netTakerVolume":0.013858539999999999,"netTakerNotional":1061.8442455924,"takerBuyRatio":0.9999444447651096}
{"timestamp":"2026-04-28T07:22:44.021Z","timestampMs":1777360964021,"source":"coinbase","transport":"ws","productId":"BTC-USD","bestBid":76619.7,"bestAsk":76619.71,"bestBidSize":0.06538943,"bestAskSize":0.27236587,"midPrice":76619.705,"spread":0.010000000009313226,"spreadBps":0.0013051472867604,"bids":[[76619.7,0.06538943],[76617.01,0.00013051],[76616.01,0.01534916],[76616,0.0257],[76614.99,0.06932894]],"asks":[[76619.71,0.27236587],[76620,0.0257],[76620.2,0.01305244],[76620.21,0.08728634],[76620.94,0.0514]],"tradeCount":4,"buyTradeCount":0,"sellTradeCount":4,"buyVolume":0,"sellVolume":0.02252433,"buyNotional":0,"sellNotional":1725.818669466,"netTakerVolume":-0.02252433,"netTakerNotional":-1725.818669466,"takerBuyRatio":0}
{"timestamp":"2026-04-28T07:22:45.029Z","timestampMs":1777360965029,"source":"coinbase","transport":"ws","productId":"BTC-USD","bestBid":76619.7,"bestAsk":76619.71,"bestBidSize":0.33285265,"bestAskSize":0.22167464,"midPrice":76619.705,"spread":0.010000000009313226,"spreadBps":0.0013051472867604,"bids":[[76619.7,0.33285265],[76617.01,0.00013051],[76616.34,0.0367611],[76616.01,0.00000626],[76616,0.0257]],"asks":[[76619.71,0.22167464],[76620.94,0.0514],[76621.52,0.01305182],[76621.53,0.01305154],[76621.69,0.01305244]],"tradeCount":3,"buyTradeCount":1,"sellTradeCount":2,"buyVolume":0.00181988,"sellVolume":3.1e-7,"buyNotional":139.43867783480002,"sellNotional":0.023752106999999998,"netTakerVolume":0.0018195700000000002,"netTakerNotional":139.4149257278,"takerBuyRatio":0.9998296881094831}
{"timestamp":"2026-04-28T07:22:46.047Z","timestampMs":1777360966047,"source":"coinbase","transport":"ws","productId":"BTC-USD","bestBid":76619.7,"bestAsk":76619.71,"bestBidSize":0.49013565,"bestAskSize":0.22104046,"midPrice":76619.705,"spread":0.010000000009313226,"spreadBps":0.0013051472867604,"bids":[[76619.7,0.49013565],[76619.51,0.0003714],[76617.01,0.00013051],[76616.34,0.0367611],[76616.01,0.00000626]],"asks":[[76619.71,0.22104046],[76620.94,0.0514],[76621.52,0.01305182],[76621.53,0.01305154],[76622.03,0.0508]],"tradeCount":1,"buyTradeCount":1,"sellTradeCount":0,"buyVolume":0.00063418,"sellVolume":0,"buyNotional":48.590687687800006,"sellNotional":0,"netTakerVolume":0.00063418,"netTakerNotional":48.590687687800006,"takerBuyRatio":1}
{"timestamp":"2026-04-28T07:22:47.065Z","timestampMs":1777360967065,"source":"coinbase","transport":"ws","productId":"BTC-USD","bestBid":76619.7,"bestAsk":76619.71,"bestBidSize":0.33285253,"bestAskSize":0.22104046,"midPrice":76619.705,"spread":0.010000000009313226,"spreadBps":0.0013051472867604,"bids":[[76619.7,0.33285253],[76617.01,0.00013051],[76616.34,0.01534664],[76616.01,0.00000626],[76616,0.0257]],"asks":[[76619.71,0.22104046],[76620.94,0.0514],[76621.38,0.07830712],[76621.52,0.01305182],[76621.53,0.01305154]],"tradeCount":2,"buyTradeCount":0,"sellTradeCount":2,"buyVolume":0,"sellVolume":1.2000000000000002e-7,"buyNotional":0,"sellNotional":0.009194364,"netTakerVolume":-1.2000000000000002e-7,"netTakerNotional":-0.009194364,"takerBuyRatio":0}
{"timestamp":"2026-04-28T07:22:48.071Z","timestampMs":1777360968071,"source":"coinbase","transport":"ws","productId":"BTC-USD","bestBid":76619.7,"bestAsk":76619.71,"bestBidSize":0.48631052,"bestAskSize":0.01557459,"midPrice":76619.705,"spread":0.010000000009313226,"spreadBps":0.0013051472867604,"bids":[[76619.7,0.48631052],[76619.65,0.00038445],[76617.01,0.00020335],[76616.34,0.03676107],[76616.01,0.00000626]],"asks":[[76619.71,0.01557459],[76619.89,0.00026102],[76620.94,0.0514],[76621.52,0.01305182],[76621.53,0.01305154]],"tradeCount":1,"buyTradeCount":0,"sellTradeCount":1,"buyVolume":0,"sellVolume":9e-8,"buyNotional":0,"sellNotional":0.006895773,"netTakerVolume":-9e-8,"netTakerNotional":-0.006895773,"takerBuyRatio":0}
{"timestamp":"2026-04-28T07:22:49.080Z","timestampMs":1777360969080,"source":"coinbase","transport":"ws","productId":"BTC-USD","bestBid":76619.7,"bestAsk":76619.71,"bestBidSize":0.48631042,"bestAskSize":0.22103946,"midPrice":76619.705,"spread":0.010000000009313226,"spreadBps":0.0013051472867604,"bids":[[76619.7,0.48631042],[76619.65,0.00038445],[76618.56,0.04502142],[76618.55,0.015662],[76617.01,0.00020335]],"asks":[[76619.71,0.22103946],[76620.86,0.01566153],[76620.94,0.0514],[76621.52,0.01305182],[76621.53,0.01305154]],"tradeCount":3,"buyTradeCount":1,"sellTradeCount":2,"buyVolume":0.000001,"sellVolume":1e-7,"buyNotional":0.07661971000000001,"sellNotional":0.007661970000000001,"netTakerVolume":9e-7,"netTakerNotional":0.06895774,"takerBuyRatio":0.909090909090909}
{"timestamp":"2026-04-28T07:22:50.092Z","timestampMs":1777360970092,"source":"coinbase","transport":"ws","productId":"BTC-USD","bestBid":76619.7,"bestAsk":76619.71,"bestBidSize":0.33285234,"bestAskSize":0.21906107,"midPrice":76619.705,"spread":0.010000000009313226,"spreadBps":0.0013051472867604,"bids":[[76619.7,0.33285234],[76619.65,0.00038445],[76618.56,0.02481825],[76618.55,0.015662],[76617.01,0.00020335]],"asks":[[76619.71,0.21906107],[76619.81,0.00026102],[76620.86,0.01566153],[76620.94,0.0514],[76621.52,0.01305182]],"tradeCount":2,"buyTradeCount":2,"sellTradeCount":0,"buyVolume":0.00197839,"sellVolume":0,"buyNotional":151.5836680669,"sellNotional":0,"netTakerVolume":0.00197839,"netTakerNotional":151.5836680669,"takerBuyRatio":1}
{"timestamp":"2026-04-28T07:22:51.114Z","timestampMs":1777360971114,"source":"coinbase","transport":"ws","productId":"BTC-USD","bestBid":76619.7,"bestAsk":76619.71,"bestBidSize":0.69691885,"bestAskSize":0.21906107,"midPrice":76619.705,"spread":0.010000000009313226,"spreadBps":0.0013051472867604,"bids":[[76619.7,0.69691885],[76619.68,0.0004235],[76618.56,0.04502123],[76618.55,0.015662],[76617.22,0.0392401]],"asks":[[76619.71,0.21906107],[76619.81,0.00026102],[76620.86,0.01566153],[76620.94,0.0514],[76621.52,0.01305182]],"tradeCount":0,"buyTradeCount":0,"sellTradeCount":0,"buyVolume":0,"sellVolume":0,"buyNotional":0,"sellNotional":0,"netTakerVolume":0,"netTakerNotional":0,"takerBuyRatio":null}
{"timestamp":"2026-04-28T07:22:52.122Z","timestampMs":1777360972122,"source":"coinbase","transport":"ws","productId":"BTC-USD","bestBid":76621.51,"bestAsk":76621.52,"bestBidSize":0.12976328,"bestAskSize":0.20546587,"midPrice":76621.515,"spread":0.010000000009313226,"spreadBps":0.0013051164557778877,"bids":[[76621.51,0.12976328],[76620.95,0.01995334],[76620.93,0.01962151],[76620.36,0.01566163],[76617.85,0.05417787]],"asks":[[76621.52,0.20546587],[76622.03,0.0508],[76622.67,0.01566116],[76622.81,0.0509],[76624,0.0257]],"tradeCount":3,"buyTradeCount":2,"sellTradeCount":1,"buyVolume":0.013595,"sellVolume":0.00123604,"buyNotional":1041.64495745,"sellNotional":94.705013988,"netTakerVolume":0.012358959999999999,"netTakerNotional":946.939943462,"takerBuyRatio":0.9166585755280816}
{"timestamp":"2026-04-28T07:22:53.140Z","timestampMs":1777360973140,"source":"coinbase","transport":"ws","productId":"BTC-USD","bestBid":76625.51,"bestAsk":76625.52,"bestBidSize":0.07979,"bestAskSize":0.214616,"midPrice":76625.515,"spread":0.010000000009313226,"spreadBps":0.001305048326176108,"bids":[[76625.51,0.07979],[76624.36,0.01566082],[76622.83,0.0001305],[76620.94,0.03517928],[76620.93,0.01962151]],"asks":[[76625.52,0.214616],[76626.23,0.0507],[76626.36,0.07830204],[76626.67,0.01566034],[76627.38,0.0507]],"tradeCount":1,"buyTradeCount":1,"sellTradeCount":0,"buyVolume":0.00006189,"sellVolume":0,"buyNotional":4.742353432800001,"sellNotional":0,"netTakerVolume":0.00006189,"netTakerNotional":4.742353432800001,"takerBuyRatio":1}
{"timestamp":"2026-04-28T07:22:54.156Z","timestampMs":1777360974156,"source":"coinbase","transport":"ws","productId":"BTC-USD","bestBid":76625.51,"bestAsk":76625.52,"bestBidSize":0.0800111,"bestAskSize":0.01619297,"midPrice":76625.515,"spread":0.010000000009313226,"spreadBps":0.001305048326176108,"bids":[[76625.51,0.0800111],[76624.36,0.01566082],[76622.83,0.0001305],[76621.66,0.058674],[76621.65,0.03924545]],"asks":[[76625.52,0.01619297],[76626.23,0.0507],[76626.67,0.01566034],[76627.38,0.0507],[76628,0.0257]],"tradeCount":5,"buyTradeCount":2,"sellTradeCount":3,"buyVolume":0.0020077899999999997,"sellVolume":0.00023744,"buyNotional":153.8479528008,"sellNotional":18.1939610944,"netTakerVolume":0.0017703499999999997,"netTakerNotional":135.65399170639998,"takerBuyRatio":0.8942469145699994}
{"timestamp":"2026-04-28T07:22:55.180Z","timestampMs":1777360975180,"source":"coinbase","transport":"ws","productId":"BTC-USD","bestBid":76630.89,"bestAsk":76630.9,"bestBidSize":0.3843466,"bestAskSize":0.025,"midPrice":76630.89499999999,"spread":0.00999999999476131,"spreadBps":0.0013049567011792454,"bids":[[76630.89,0.3843466],[76630,0.0257],[76628.23,0.03915005],[76628.2,0.00013049],[76628.01,0.02725171]],"asks":[[76630.9,0.025],[76632.85,0.00509147],[76635,0.01],[76635.18,0.07829302],[76636,0.0257]],"tradeCount":8,"buyTradeCount":7,"sellTradeCount":1,"buyVolume":0.323058,"sellVolume":0.00025107,"buyNotional":24754.61753916,"sellNotional":19.2397175523,"netTakerVolume":0.32280693,"netTakerNotional":24735.3778216077,"takerBuyRatio":0.9992234365710804}
{"timestamp":"2026-04-28T07:22:56.191Z","timestampMs":1777360976191,"source":"coinbase","transport":"ws","productId":"BTC-USD","bestBid":76630.89,"bestAsk":76630.9,"bestBidSize":0.22508728,"bestAskSize":0.03430495,"midPrice":76630.89499999999,"spread":0.00999999999476131,"spreadBps":0.0013049567011792454,"bids":[[76630.89,0.22508728],[76629.26,0.06222261],[76629.25,0.03914954],[76628.49,0.00522254],[76628.48,0.01305053]],"asks":[[76630.9,0.03430495],[76631.61,0.0499996],[76632.76,0.0499996],[76632.85,0.00509147],[76635,0.01]],"tradeCount":4,"buyTradeCount":0,"sellTradeCount":4,"buyVolume":0,"sellVolume":1.6e-7,"buyNotional":0,"sellNotional":0.012260942399999999,"netTakerVolume":-1.6e-7,"netTakerNotional":-0.012260942399999999,"takerBuyRatio":0}
{"timestamp":"2026-04-28T07:22:57.208Z","timestampMs":1777360977208,"source":"coinbase","transport":"ws","productId":"BTC-USD","bestBid":76641.53,"bestAsk":76641.54,"bestBidSize":0.08041619,"bestAskSize":0.1312,"midPrice":76641.535,"spread":0.00999999999476131,"spreadBps":0.00130477553649745,"bids":[[76641.53,0.08041619],[76639.99,0.00005897],[76638,0.0257],[76637.5,0.01962151],[76636,0.0257]],"asks":[[76641.54,0.1312],[76643.05,0.0187],[76643.74,0.01304937],[76644,0.0257],[76645,0.01]],"tradeCount":11,"buyTradeCount":9,"sellTradeCount":2,"buyVolume":0.28059562000000005,"sellVolume":3.4e-7,"buyNotional":21503.4675079965,"sellNotional":0.026054502599999998,"netTakerVolume":0.28059528000000006,"netTakerNotional":21503.441453493902,"takerBuyRatio":0.9999987882933169}
{"timestamp":"2026-04-28T07:22:58.220Z","timestampMs":1777360978220,"source":"coinbase","transport":"ws","productId":"BTC-USD","bestBid":76643.01,"bestAsk":76643.02,"bestBidSize":0.76026229,"bestAskSize":0.01207,"midPrice":76643.015,"spread":0.010000000009313226,"spreadBps":0.0013047503427824735,"bids":[[76643.01,0.76026229],[76640.87,0.04592614],[76640.32,0.00013047],[76639.65,0.03914422],[76639.19,0.04332271]],"asks":[[76643.02,0.01207],[76643.74,0.04419938],[76644.89,0.04419938],[76645,0.01],[76646,0.0244]],"tradeCount":9,"buyTradeCount":4,"sellTradeCount":5,"buyVolume":0.18119214,"sellVolume":0.0026104,"buyNotional":13886.417177251202,"sellNotional":200.0559528602,"netTakerVolume":0.17858174,"netTakerNotional":13686.361224391001,"takerBuyRatio":0.9857978023589881}
{"timestamp":"2026-04-28T07:22:59.231Z","timestampMs":1777360979231,"source":"coinbase","transport":"ws","productId":"BTC-USD","bestBid":76649.99,"bestAsk":76650,"bestBidSize":0.87969387,"bestAskSize":0.00905917,"midPrice":76649.995,"spread":0.00999999999476131,"spreadBps":0.0013046315260374524,"bids":[[76649.99,0.87969387],[76647.3,0.00013046],[76644.9,0.05317062],[76644,0.0244],[76643.76,0.03914212]],"asks":[[76650,0.00905917],[76650.72,0.0436],[76651.87,0.0436],[76653.25,0.07827457],[76654,0.0244]],"tradeCount":10,"buyTradeCount":6,"sellTradeCount":4,"buyVolume":0.060859,"sellVolume":4.4e-7,"buyNotional":4664.452682260001,"sellNotional":0.0337256466,"netTakerVolume":0.060858560000000006,"netTakerNotional":4664.418956613401,"takerBuyRatio":0.9999927702259502}
{"timestamp":"2026-04-28T07:23:00.248Z","timestampMs":1777360980248,"source":"coinbase","transport":"ws","productId":"BTC-USD","bestBid":76649.99,"bestAsk":76650,"bestBidSize":1.26329972,"bestAskSize":0.00898366,"midPrice":76649.995,"spread":0.00999999999476131,"spreadBps":0.0013046315260374524,"bids":[[76649.99,1.26329972],[76649.16,0.04829687],[76648.31,0.0391398],[76648,0.0244],[76647.44,0.01304648]],"asks":[[76650,0.00898366],[76650.72,0.0436],[76651.87,0.0436],[76655,0.01],[76655.92,0.025]],"tradeCount":5,"buyTradeCount":2,"sellTradeCount":3,"buyVolume":0.001296,"sellVolume":3.1e-7,"buyNotional":99.3384,"sellNotional":0.0237614969,"netTakerVolume":0.0012956900000000002,"netTakerNotional":99.3146385031,"takerBuyRatio":0.9997608596709121}
{"timestamp":"2026-04-28T07:23:01.262Z","timestampMs":1777360981262,"source":"coinbase","transport":"ws","productId":"BTC-USD","bestBid":76658.73,"bestAsk":76658.74,"bestBidSize":0.34963131,"bestAskSize":0.00905063,"midPrice":76658.735,"spread":0.010000000009313226,"spreadBps":0.0013044827845532837,"bids":[[76658.73,0.34963131],[76658.02,0.06012984],[76656.04,0.00013044],[76656,0.0244],[76654.01,0.00522254]],"asks":[[76658.74,0.00905063],[76659.89,0.04219615],[76660.62,0.0422],[76661.32,0.07826633],[76661.81,0.00001569]],"tradeCount":12,"buyTradeCount":8,"sellTradeCount":4,"buyVolume":0.13078366,"sellVolume":1.6e-7,"buyNotional":10024.958931,"sellNotional":0.012264923299999998,"netTakerVolume":0.1307835,"netTakerNotional":10024.9466660767,"takerBuyRatio":0.9999987766070757}
{"timestamp":"2026-04-28T07:23:02.275Z","timestampMs":1777360982275,"source":"coinbase","transport":"ws","productId":"BTC-USD","bestBid":76658.73,"bestAsk":76658.74,"bestBidSize":0.38427172,"bestAskSize":0.00905063,"midPrice":76658.735,"spread":0.010000000009313226,"spreadBps":0.0013044827845532837,"bids":[[76658.73,0.38427172],[76658.02,0.0807055],[76656.04,0.00013044],[76656,0.0244],[76654.67,0.00522254]],"asks":[[76658.74,0.00905063],[76659.89,0.04219615],[76660.62,0.0422],[76661.66,0.07826598],[76661.81,0.00001569]],"tradeCount":3,"buyTradeCount":0,"sellTradeCount":3,"buyVolume":0,"sellVolume":3.5e-7,"buyNotional":0,"sellNotional":0.0268305555,"netTakerVolume":-3.5e-7,"netTakerNotional":-0.0268305555,"takerBuyRatio":0}
{"timestamp":"2026-04-28T07:23:03.283Z","timestampMs":1777360983283,"source":"coinbase","transport":"ws","productId":"BTC-USD","bestBid":76648.39,"bestAsk":76648.4,"bestBidSize":0.28683035,"bestAskSize":0.02012617,"midPrice":76648.39499999999,"spread":0.00999999999476131,"spreadBps":0.0013046587596206433,"bids":[[76648.39,0.28683035],[76646.03,0.00522254],[76646.02,0.00013248],[76645.92,0.02883458],[76645.91,0.01962151]],"asks":[[76648.4,0.02012617],[76648.41,0.01304545],[76649.55,0.07827834],[76650,0.0244],[76651.37,0.26092163]],"tradeCount":7,"buyTradeCount":2,"sellTradeCount":5,"buyVolume":0.00056232,"sellVolume":0.04364916,"buyNotional":43.1054073692,"sellNotional":3345.8682251931004,"netTakerVolume":-0.04308684,"netTakerNotional":-3302.7628178239006,"takerBuyRatio":0.012718868492979653}
{"timestamp":"2026-04-28T07:23:04.302Z","timestampMs":1777360984302,"source":"coinbase","transport":"ws","productId":"BTC-USD","bestBid":76648.38,"bestAsk":76648.39,"bestBidSize":0.66396171,"bestAskSize":0.00013047,"midPrice":76648.38500000001,"spread":0.00999999999476131,"spreadBps":0.0013046589298341131,"bids":[[76648.38,0.66396171],[76647.71,0.02426805],[76647.7,0.01625],[76646,0.0244],[76645.62,0.05906098]],"asks":[[76648.39,0.00013047],[76649.16,0.04160014],[76649.55,0.04150157],[76650.06,0.04022367],[76652,0.0244]],"tradeCount":16,"buyTradeCount":7,"sellTradeCount":9,"buyVolume":0.08316682,"sellVolume":0.023854190000000004,"buyNotional":6374.1878571404,"sellNotional":1828.3222560731,"netTakerVolume":0.05931263,"netTakerNotional":4545.8656010673,"takerBuyRatio":0.7771074109653796}
{"timestamp":"2026-04-28T07:23:05.315Z","timestampMs":1777360985315,"source":"coinbase","transport":"ws","productId":"BTC-USD","bestBid":76650.05,"bestAsk":76650.06,"bestBidSize":0.60309517,"bestAskSize":0.16729002,"midPrice":76650.055,"spread":0.00999999999476131,"spreadBps":0.0013046305048002,"bids":[[76650.05,0.60309517],[76648.91,0.04742073],[76648.9,0.0156558],[76647.36,0.00013046],[76646.02,0.03924545]],"asks":[[76650.06,0.16729002],[76650.82,0.0412],[76651.21,0.01565533],[76651.97,0.0412],[76652.75,0.00013046]],"tradeCount":6,"buyTradeCount":0,"sellTradeCount":6,"buyVolume":0,"sellVolume":0.00522292,"buyNotional":0,"sellNotional":400.3370789122,"netTakerVolume":-0.00522292,"netTakerNotional":-400.3370789122,"takerBuyRatio":0}
{"timestamp":"2026-04-28T07:23:06.327Z","timestampMs":1777360986327,"source":"coinbase","transport":"ws","productId":"BTC-USD","bestBid":76660.38,"bestAsk":76660.39,"bestBidSize":0.63517275,"bestAskSize":0.07170116,"midPrice":76660.38500000001,"spread":0.00999999999476131,"spreadBps":0.0013044547056163766,"bids":[[76660.38,0.63517275],[76658.01,0.02660696],[76658,0.0244],[76657.99,0.01962151],[76656.01,0.01464467]],"asks":[[76660.39,0.07170116],[76661.81,0.00001569],[76662.47,0.01304584],[76664,0.0244],[76665,0.01]],"tradeCount":8,"buyTradeCount":5,"sellTradeCount":3,"buyVolume":0.20849002000000003,"sellVolume":0.00028878,"buyNotional":15980.8038544012,"sellNotional":22.135001753500003,"netTakerVolume":0.20820124000000004,"netTakerNotional":15958.6688526477,"takerBuyRatio":0.998616813584521}
{"timestamp":"2026-04-28T07:23:07.346Z","timestampMs":1777360987346,"source":"coinbase","transport":"ws","productId":"BTC-USD","bestBid":76660.38,"bestAsk":76660.39,"bestBidSize":0.95038652,"bestAskSize":0.00393337,"midPrice":76660.38500000001,"spread":0.00999999999476131,"spreadBps":0.0013044547056163766,"bids":[[76660.38,0.95038652],[76658.61,0.04636234],[76658,0.0244],[76657.99,0.01962151],[76657.76,0.03913497]],"asks":[[76660.39,0.00393337],[76661.8,0.04119949],[76661.81,0.00001569],[76662.3,0.04059924],[76664,0.0244]],"tradeCount":1,"buyTradeCount":0,"sellTradeCount":1,"buyVolume":0,"sellVolume":4e-8,"buyNotional":0,"sellNotional":0.0030664152000000004,"netTakerVolume":-4e-8,"netTakerNotional":-0.0030664152000000004,"takerBuyRatio":0}
{"timestamp":"2026-04-28T07:23:08.355Z","timestampMs":1777360988355,"source":"coinbase","transport":"ws","productId":"BTC-USD","bestBid":76660.38,"bestAsk":76660.39,"bestBidSize":0.4455588,"bestAskSize":0.00393337,"midPrice":76660.38500000001,"spread":0.00999999999476131,"spreadBps":0.0013044547056163766,"bids":[[76660.38,0.4455588],[76658.61,0.02628084],[76658,0.0244],[76657.99,0.01962151],[76657.69,0.00013044]],"asks":[[76660.39,0.00393337],[76661.8,0.04119949],[76661.81,0.00001569],[76662.3,0.04059924],[76664,0.0244]],"tradeCount":5,"buyTradeCount":0,"sellTradeCount":5,"buyVolume":0,"sellVolume":0.00230631,"buyNotional":0,"sellNotional":176.8026009978,"netTakerVolume":-0.00230631,"netTakerNotional":-176.8026009978,"takerBuyRatio":0}
{"timestamp":"2026-04-28T07:23:09.375Z","timestampMs":1777360989375,"source":"coinbase","transport":"ws","productId":"BTC-USD","bestBid":76660.38,"bestAsk":76660.39,"bestBidSize":0.71936713,"bestAskSize":0.00332337,"midPrice":76660.38500000001,"spread":0.00999999999476131,"spreadBps":0.0013044547056163766,"bids":[[76660.38,0.71936713],[76659.23,0.01565369],[76658.61,0.02628084],[76658,0.0244],[76657.99,0.01962151]],"asks":[[76660.39,0.00332337],[76661.54,0.01565322],[76661.8,0.04119949],[76661.81,0.00001569],[76662.3,0.04059924]],"tradeCount":6,"buyTradeCount":1,"sellTradeCount":5,"buyVolume":0.00061,"sellVolume":0.0026111299999999997,"buyNotional":46.7628379,"sellNotional":200.1702180294,"netTakerVolume":-0.00200113,"netTakerNotional":-153.4073801294,"takerBuyRatio":0.18937453626522371}
{"timestamp":"2026-04-28T07:23:10.404Z","timestampMs":1777360990404,"source":"coinbase","transport":"ws","productId":"BTC-USD","bestBid":76653.36,"bestAsk":76653.37,"bestBidSize":0.32545075,"bestAskSize":0.03970359,"midPrice":76653.36499999999,"spread":0.00999999999476131,"spreadBps":0.0013045741690219746,"bids":[[76653.36,0.32545075],[76652.21,0.01565513],[76651.29,0.02628084],[76651.15,0.01962151],[76650,0.0244]],"asks":[[76653.37,0.03970359],[76653.99,0.00230239],[76654.02,0.04040106],[76654.52,0.01565465],[76656,0.0244]],"tradeCount":6,"buyTradeCount":0,"sellTradeCount":6,"buyVolume":0,"sellVolume":0.05864697000000001,"buyNotional":0,"sellNotional":4495.773632013901,"netTakerVolume":-0.05864697000000001,"netTakerNotional":-4495.773632013901,"takerBuyRatio":0}
{"timestamp":"2026-04-28T07:23:11.419Z","timestampMs":1777360991419,"source":"coinbase","transport":"ws","productId":"BTC-USD","bestBid":76653.36,"bestAsk":76653.37,"bestBidSize":0.00002488,"bestAskSize":0.29486946,"midPrice":76653.36499999999,"spread":0.00999999999476131,"spreadBps":0.0013045741690219746,"bids":[[76653.36,0.00002488],[76652.22,0.02106015],[76651.15,0.01962151],[76650,0.0244],[76648.86,0.00013045]],"asks":[[76653.37,0.29486946],[76653.99,0.00230239],[76654,0.0244],[76654.02,0.04040106],[76654.27,0.07827353]],"tradeCount":0,"buyTradeCount":0,"sellTradeCount":0,"buyVolume":0,"sellVolume":0,"buyNotional":0,"sellNotional":0,"netTakerVolume":0,"netTakerNotional":0,"takerBuyRatio":null}
{"timestamp":"2026-04-28T07:23:12.428Z","timestampMs":1777360992428,"source":"coinbase","transport":"ws","productId":"BTC-USD","bestBid":76653.36,"bestAsk":76653.37,"bestBidSize":0.01962142,"bestAskSize":0.22060359,"midPrice":76653.36499999999,"spread":0.00999999999476131,"spreadBps":0.0013045741690219746,"bids":[[76653.36,0.01962142],[76650.67,0.00013045],[76650.01,0.0145668],[76650,0.0244],[76648.02,0.00522254]],"asks":[[76653.37,0.22060359],[76653.99,0.00230239],[76654,0.0244],[76654.02,0.04040106],[76654.63,0.01304691]],"tradeCount":4,"buyTradeCount":0,"sellTradeCount":4,"buyVolume":0,"sellVolume":0.019762580000000005,"buyNotional":0,"sellNotional":1514.8242732817,"netTakerVolume":-0.019762580000000005,"netTakerNotional":-1514.8242732817,"takerBuyRatio":0}
{"timestamp":"2026-04-28T07:23:13.438Z","timestampMs":1777360993438,"source":"coinbase","transport":"ws","productId":"BTC-USD","bestBid":76643.01,"bestAsk":76643.02,"bestBidSize":0.20597577,"bestAskSize":0.02987287,"midPrice":76643.015,"spread":0.010000000009313226,"spreadBps":0.0013047503427824735,"bids":[[76643.01,0.20597577],[76642.56,0.03924545],[76642.55,0.11756282],[76642.02,0.01962151],[76642,0.0244]],"asks":[[76643.02,0.02987287],[76643.8,0.0415],[76644.95,0.0415],[76645.71,0.00013047],[76648,0.0244]],"tradeCount":7,"buyTradeCount":4,"sellTradeCount":3,"buyVolume":0.010541,"sellVolume":0.019621740000000002,"buyNotional":807.89407382,"sellNotional":1504.0722967344,"netTakerVolume":-0.009080740000000002,"netTakerNotional":-696.1782229144,"takerBuyRatio":0.34947090350545074}
{"timestamp":"2026-04-28T07:23:14.457Z","timestampMs":1777360994457,"source":"coinbase","transport":"ws","productId":"BTC-USD","bestBid":76645.71,"bestAsk":76645.72,"bestBidSize":0.48638049,"bestAskSize":0.29423292,"midPrice":76645.715,"spread":0.00999999999476131,"spreadBps":0.0013047043784197607,"bids":[[76645.71,0.48638049],[76644.01,0.0265123],[76643.02,0.00522254],[76643.01,0.0000441],[76642.89,0.03914257]],"asks":[[76645.72,0.29423292],[76646.5,0.04079988],[76647.65,0.04079988],[76648,0.0244],[76648.41,0.00013047]],"tradeCount":11,"buyTradeCount":6,"sellTradeCount":5,"buyVolume":0.11300334000000001,"sellVolume":0.02860808,"buyNotional":8661.0300636511,"sellNotional":2192.6093617638,"netTakerVolume":0.08439526,"netTakerNotional":6468.4207018873,"takerBuyRatio":0.7979818294315528}
{"timestamp":"2026-04-28T07:23:15.473Z","timestampMs":1777360995473,"source":"coinbase","transport":"ws","productId":"BTC-USD","bestBid":76645.71,"bestAsk":76645.72,"bestBidSize":0.22775395,"bestAskSize":0.24543074,"midPrice":76645.715,"spread":0.00999999999476131,"spreadBps":0.0013047043784197607,"bids":[[76645.71,0.22775395],[76644.01,0.0265123],[76644,0.0244],[76643.03,0.00522254],[76643.02,0.00013047]],"asks":[[76645.72,0.24543074],[76646.5,0.04079988],[76647.65,0.04079988],[76648,0.0244],[76648.41,0.00013047]],"tradeCount":2,"buyTradeCount":0,"sellTradeCount":2,"buyVolume":0,"sellVolume":9e-8,"buyNotional":0,"sellNotional":0.006898113900000001,"netTakerVolume":-9e-8,"netTakerNotional":-0.006898113900000001,"takerBuyRatio":0}
{"timestamp":"2026-04-28T07:23:16.486Z","timestampMs":1777360996486,"source":"coinbase","transport":"ws","productId":"BTC-USD","bestBid":76645.71,"bestAsk":76645.72,"bestBidSize":0.52764516,"bestAskSize":0.03996487,"midPrice":76645.715,"spread":0.00999999999476131,"spreadBps":0.0013047043784197607,"bids":[[76645.71,0.52764516],[76644.01,0.01778887],[76644,0.0244],[76643.88,0.03914206],[76643.03,0.00522254]],"asks":[[76645.72,0.03996487],[76646.5,0.04079988],[76647.65,0.04079988],[76648.41,0.00013047],[76650,0.0244]],"tradeCount":9,"buyTradeCount":7,"sellTradeCount":2,"buyVolume":0.12156463,"sellVolume":2.5e-7,"buyNotional":9317.519160558399,"sellNotional":0.0191614275,"netTakerVolume":0.12156438000000001,"netTakerNotional":9317.499999130898,"takerBuyRatio":0.9999979434849934}
{"timestamp":"2026-04-28T07:23:17.500Z","timestampMs":1777360997500,"source":"coinbase","transport":"ws","productId":"BTC-USD","bestBid":76643.01,"bestAsk":76643.02,"bestBidSize":0.00004392,"bestAskSize":0.09515895,"midPrice":76643.015,"spread":0.010000000009313226,"spreadBps":0.0013047503427824735,"bids":[[76643.01,0.00004392],[76640.01,0.0145668],[76640,0.0244],[76638.01,0.04886382],[76638,0.0244]],"asks":[[76643.02,0.09515895],[76643.82,0.04010382],[76644,0.0244],[76644.61,0.07828339],[76644.96,0.04000193]],"tradeCount":5,"buyTradeCount":0,"sellTradeCount":5,"buyVolume":0,"sellVolume":0.000023380000000000003,"buyNotional":0,"sellNotional":1.7920395498000004,"netTakerVolume":-0.000023380000000000003,"netTakerNotional":-1.7920395498000004,"takerBuyRatio":0}
{"timestamp":"2026-04-28T07:23:18.512Z","timestampMs":1777360998512,"source":"coinbase","transport":"ws","productId":"BTC-USD","bestBid":76643.01,"bestAsk":76643.02,"bestBidSize":0.00004384,"bestAskSize":0.30062482,"midPrice":76643.015,"spread":0.010000000009313226,"spreadBps":0.0013047503427824735,"bids":[[76643.01,0.00004384],[76640.32,0.00013047],[76640.01,0.0145668],[76640,0.0244],[76638.03,0.06067742]],"asks":[[76643.02,0.30062482],[76643.82,0.04010382],[76644,0.0244],[76644.61,0.07828339],[76644.96,0.04000193]],"tradeCount":2,"buyTradeCount":0,"sellTradeCount":2,"buyVolume":0,"sellVolume":8e-8,"buyNotional":0,"sellNotional":0.0061314407999999996,"netTakerVolume":-8e-8,"netTakerNotional":-0.0061314407999999996,"takerBuyRatio":0}
{"timestamp":"2026-04-28T07:23:19.528Z","timestampMs":1777360999528,"source":"coinbase","transport":"ws","productId":"BTC-USD","bestBid":76643.01,"bestAsk":76643.02,"bestBidSize":0.20550967,"bestAskSize":0.09515766,"midPrice":76643.015,"spread":0.010000000009313226,"spreadBps":0.0013047503427824735,"bids":[[76643.01,0.20550967],[76642.64,0.00038117],[76642.01,0.06846762],[76642,0.0244],[76640.32,0.00013047]],"asks":[[76643.02,0.09515766],[76643.82,0.04010382],[76644.96,0.04000193],[76645.71,0.00013047],[76646,0.1556]],"tradeCount":2,"buyTradeCount":1,"sellTradeCount":1,"buyVolume":0.00000129,"sellVolume":4e-8,"buyNotional":0.0988694958,"sellNotional":0.0030657203999999998,"netTakerVolume":0.0000012499999999999999,"netTakerNotional":0.0958037754,"takerBuyRatio":0.9699248120300752}
{"timestamp":"2026-04-28T07:23:20.533Z","timestampMs":1777361000533,"source":"coinbase","transport":"ws","productId":"BTC-USD","bestBid":76643.01,"bestAsk":76643.02,"bestBidSize":0.20550958,"bestAskSize":0.09515766,"midPrice":76643.015,"spread":0.010000000009313226,"spreadBps":0.0013047503427824735,"bids":[[76643.01,0.20550958],[76642.73,0.00036212],[76642.02,0.05909473],[76642.01,0.01962151],[76642,0.0244]],"asks":[[76643.02,0.09515766],[76643.24,0.00026095],[76643.82,0.04010382],[76644.96,0.04000193],[76645.71,0.00013047]],"tradeCount":2,"buyTradeCount":0,"sellTradeCount":2,"buyVolume":0,"sellVolume":9e-8,"buyNotional":0,"sellNotional":0.006897870899999999,"netTakerVolume":-9e-8,"netTakerNotional":-0.006897870899999999,"takerBuyRatio":0}
{"timestamp":"2026-04-28T07:23:21.560Z","timestampMs":1777361001560,"source":"coinbase","transport":"ws","productId":"BTC-USD","bestBid":76643.01,"bestAsk":76643.02,"bestBidSize":0.00008609,"bestAskSize":0.08619466,"midPrice":76643.015,"spread":0.010000000009313226,"spreadBps":0.0013047503427824735,"bids":[[76643.01,0.00008609],[76642.23,0.00522254],[76642.22,0.14388279],[76642.21,0.03914292],[76642.01,0.01962151]],"asks":[[76643.02,0.08619466],[76643.82,0.04010382],[76644,0.0244],[76644.17,0.01565677],[76644.96,0.04000193]],"tradeCount":1,"buyTradeCount":1,"sellTradeCount":0,"buyVolume":0.008963,"sellVolume":0,"buyNotional":686.95138826,"sellNotional":0,"netTakerVolume":0.008963,"netTakerNotional":686.95138826,"takerBuyRatio":1}
{"timestamp":"2026-04-28T07:23:22.576Z","timestampMs":1777361002576,"source":"coinbase","transport":"ws","productId":"BTC-USD","bestBid":76643.01,"bestAsk":76643.02,"bestBidSize":0.08803078,"bestAskSize":0.08619466,"midPrice":76643.015,"spread":0.010000000009313226,"spreadBps":0.0013047503427824735,"bids":[[76643.01,0.08803078],[76642.98,0.00038212],[76642.22,0.13084147],[76642.01,0.01962151],[76642,0.0244]],"asks":[[76643.02,0.08619466],[76643.82,0.04010382],[76644.17,0.01565677],[76644.96,0.04000193],[76645.71,0.00013047]],"tradeCount":0,"buyTradeCount":0,"sellTradeCount":0,"buyVolume":0,"sellVolume":0,"buyNotional":0,"sellNotional":0,"netTakerVolume":0,"netTakerNotional":0,"takerBuyRatio":null}
{"timestamp":"2026-04-28T07:23:23.590Z","timestampMs":1777361003590,"source":"coinbase","transport":"ws","productId":"BTC-USD","bestBid":76643.01,"bestAsk":76643.02,"bestBidSize":0.24469447,"bestAskSize":0.08619466,"midPrice":76643.015,"spread":0.010000000009313226,"spreadBps":0.0013047503427824735,"bids":[[76643.01,0.24469447],[76642.98,0.00038212],[76642.22,0.13084147],[76642.01,0.01962151],[76642,0.0244]],"asks":[[76643.02,0.08619466],[76643.08,0.00026095],[76643.82,0.04010382],[76644.17,0.01565677],[76644.96,0.04000193]],"tradeCount":0,"buyTradeCount":0,"sellTradeCount":0,"buyVolume":0,"sellVolume":0,"buyNotional":0,"sellNotional":0,"netTakerVolume":0,"netTakerNotional":0,"takerBuyRatio":null}
{"timestamp":"2026-04-28T07:23:24.604Z","timestampMs":1777361004604,"source":"coinbase","transport":"ws","productId":"BTC-USD","bestBid":76643.01,"bestAsk":76643.02,"bestBidSize":0.24502066,"bestAskSize":0.06717576,"midPrice":76643.015,"spread":0.010000000009313226,"spreadBps":0.0013047503427824735,"bids":[[76643.01,0.24502066],[76642.98,0.00038212],[76642.23,0.00522254],[76642.22,0.13084147],[76642.01,0.01962151]],"asks":[[76643.02,0.06717576],[76643.08,0.00026095],[76643.82,0.04010382],[76644.17,0.01565677],[76644.96,0.04000193]],"tradeCount":0,"buyTradeCount":0,"sellTradeCount":0,"buyVolume":0,"sellVolume":0,"buyNotional":0,"sellNotional":0,"netTakerVolume":0,"netTakerNotional":0,"takerBuyRatio":null}
{"timestamp":"2026-04-28T07:23:25.618Z","timestampMs":1777361005618,"source":"coinbase","transport":"ws","productId":"BTC-USD","bestBid":76644.94,"bestAsk":76645.72,"bestBidSize":0.00016303,"bestAskSize":0.20546587,"midPrice":76645.33,"spread":0.7799999999988358,"spreadBps":0.10176745275920084,"bids":[[76644.94,0.00016303],[76643.01,0.00004371],[76642.03,0.00522254],[76642.02,0.06615722],[76642.01,0.01962151]],"asks":[[76645.72,0.20546587],[76646.9,0.1312],[76648,0.0232],[76649.15,0.07827875],[76651.26,0.10483347]],"tradeCount":16,"buyTradeCount":11,"sellTradeCount":5,"buyVolume":0.14666413,"sellVolume":0.02363312,"buyNotional":11240.867713443098,"sellNotional":1811.5037546901,"netTakerVolume":0.12303101,"netTakerNotional":9429.363958752998,"takerBuyRatio":0.861224300451123}
{"timestamp":"2026-04-28T07:23:26.634Z","timestampMs":1777361006634,"source":"coinbase","transport":"ws","productId":"BTC-USD","bestBid":76649.97,"bestAsk":76650.68,"bestBidSize":0.01962151,"bestAskSize":0.00013046,"midPrice":76650.325,"spread":0.7099999999918509,"spreadBps":0.09262843960437883,"bids":[[76649.97,0.01962151],[76648.83,0.06999341],[76648.82,0.01565582],[76646.69,0.03914062],[76646.68,0.00012547]],"asks":[[76650.68,0.00013046],[76651.92,0.03970079],[76652,0.0232],[76652.13,0.03960008],[76653.57,0.07827425]],"tradeCount":5,"buyTradeCount":2,"sellTradeCount":3,"buyVolume":0.00064583,"sellVolume":8e-8,"buyNotional":49.50140561959999,"sellNotional":0.0061314412,"netTakerVolume":0.0006457500000000001,"netTakerNotional":49.495274178399995,"takerBuyRatio":0.9998761437351954}
{"timestamp":"2026-04-28T07:23:27.647Z","timestampMs":1777361007647,"source":"coinbase","transport":"ws","productId":"BTC-USD","bestBid":76652.47,"bestAsk":76652.48,"bestBidSize":0.80012539,"bestAskSize":0.27375119,"midPrice":76652.475,"spread":0.00999999999476131,"spreadBps":0.0013045893162303382,"bids":[[76652.47,0.80012539],[76651.32,0.01565531],[76649.97,0.01962134],[76649.74,0.00013045],[76647.78,0.04516711]],"asks":[[76652.48,0.27375119],[76652.96,0.07827486],[76652.97,0.1312],[76653.22,0.10483347],[76653.51,0.03959676]],"tradeCount":4,"buyTradeCount":0,"sellTradeCount":4,"buyVolume":0,"sellVolume":5.2e-7,"buyNotional":0,"sellNotional":0.039858432400000005,"netTakerVolume":-5.2e-7,"netTakerNotional":-0.039858432400000005,"takerBuyRatio":0}
{"timestamp":"2026-04-28T07:23:28.664Z","timestampMs":1777361008664,"source":"coinbase","transport":"ws","productId":"BTC-USD","bestBid":76652.47,"bestAsk":76652.48,"bestBidSize":0.80012529,"bestAskSize":0.28306273,"midPrice":76652.475,"spread":0.00999999999476131,"spreadBps":0.0013045893162303382,"bids":[[76652.47,0.80012529],[76651.33,0.02106016],[76651.32,0.01565531],[76649.97,0.01962134],[76649.74,0.00013045]],"asks":[[76652.48,0.28306273],[76652.96,0.07827486],[76652.97,0.1312],[76653.22,0.10483347],[76653.51,0.03959676]],"tradeCount":4,"buyTradeCount":1,"sellTradeCount":3,"buyVolume":0.0000186,"sellVolume":1.8e-7,"buyNotional":1.425736128,"sellNotional":0.0137974446,"netTakerVolume":0.00001842,"netTakerNotional":1.4119386834,"takerBuyRatio":0.9904153354632587}
