{"timestamp":"2026-04-27T15:41:58.685Z","timestampMs":1777304518685,"source":"coinbase","transport":"rest","productId":"BTC-USD","bestBid":77015.96,"bestAsk":77015.97,"bestBidSize":0.03895296,"bestAskSize":0.04370705,"midPrice":77015.965,"spread":0.00999999999476131,"spreadBps":0.0012984320841479182,"bids":[[77015.96,0.03895296]],"asks":[[77015.97,0.04370705]]}
{"timestamp":"2026-04-27T15:41:59.879Z","timestampMs":1777304519879,"source":"coinbase","transport":"rest","productId":"BTC-USD","bestBid":77015.96,"bestAsk":77015.97,"bestBidSize":0.03895296,"bestAskSize":0.04370705,"midPrice":77015.965,"spread":0.00999999999476131,"spreadBps":0.0012984320841479182,"bids":[[77015.96,0.03895296]],"asks":[[77015.97,0.04370705]]}
{"timestamp":"2026-04-27T15:42:00.909Z","timestampMs":1777304520909,"source":"coinbase","transport":"rest","productId":"BTC-USD","bestBid":77030.39,"bestAsk":77030.4,"bestBidSize":0.87647441,"bestAskSize":0.000015,"midPrice":77030.39499999999,"spread":0.00999999999476131,"spreadBps":0.0012981888506168652,"bids":[[77030.39,0.87647441]],"asks":[[77030.4,0.000015]]}
{"timestamp":"2026-04-27T15:42:01.979Z","timestampMs":1777304521979,"source":"coinbase","transport":"rest","productId":"BTC-USD","bestBid":77030.39,"bestAsk":77030.4,"bestBidSize":0.87647441,"bestAskSize":0.000015,"midPrice":77030.39499999999,"spread":0.00999999999476131,"spreadBps":0.0012981888506168652,"bids":[[77030.39,0.87647441]],"asks":[[77030.4,0.000015]]}
{"timestamp":"2026-04-27T15:42:03.007Z","timestampMs":1777304523007,"source":"coinbase","transport":"rest","productId":"BTC-USD","bestBid":77032.61,"bestAsk":77032.62,"bestBidSize":1.05834276,"bestAskSize":0.21001955,"midPrice":77032.61499999999,"spread":0.00999999999476131,"spreadBps":0.0012981514381617855,"bids":[[77032.61,1.05834276]],"asks":[[77032.62,0.21001955]]}
{"timestamp":"2026-04-27T15:42:04.073Z","timestampMs":1777304524073,"source":"coinbase","transport":"rest","productId":"BTC-USD","bestBid":77032.61,"bestAsk":77032.62,"bestBidSize":1.05834276,"bestAskSize":0.21001955,"midPrice":77032.61499999999,"spread":0.00999999999476131,"spreadBps":0.0012981514381617855,"bids":[[77032.61,1.05834276]],"asks":[[77032.62,0.21001955]]}
{"timestamp":"2026-04-27T15:42:05.113Z","timestampMs":1777304525113,"source":"coinbase","transport":"rest","productId":"BTC-USD","bestBid":77029.08,"bestAsk":77032,"bestBidSize":0.2186355,"bestAskSize":0.03889203,"midPrice":77030.54000000001,"spread":2.9199999999982538,"spreadBps":0.37907043102622073,"bids":[[77029.08,0.2186355]],"asks":[[77032,0.03889203]]}
{"timestamp":"2026-04-27T15:42:06.186Z","timestampMs":1777304526186,"source":"coinbase","transport":"rest","productId":"BTC-USD","bestBid":77029.08,"bestAsk":77032,"bestBidSize":0.2186355,"bestAskSize":0.03889203,"midPrice":77030.54000000001,"spread":2.9199999999982538,"spreadBps":0.37907043102622073,"bids":[[77029.08,0.2186355]],"asks":[[77032,0.03889203]]}
{"timestamp":"2026-04-27T15:42:07.221Z","timestampMs":1777304527221,"source":"coinbase","transport":"rest","productId":"BTC-USD","bestBid":77044.04,"bestAsk":77044.05,"bestBidSize":0.20292009,"bestAskSize":0.03929491,"midPrice":77044.045,"spread":0.010000000009313226,"spreadBps":0.0012979588505916617,"bids":[[77044.04,0.20292009]],"asks":[[77044.05,0.03929491]]}
{"timestamp":"2026-04-27T15:42:08.380Z","timestampMs":1777304528380,"source":"coinbase","transport":"rest","productId":"BTC-USD","bestBid":77044.04,"bestAsk":77044.05,"bestBidSize":0.20292009,"bestAskSize":0.03929491,"midPrice":77044.045,"spread":0.010000000009313226,"spreadBps":0.0012979588505916617,"bids":[[77044.04,0.20292009]],"asks":[[77044.05,0.03929491]]}
{"timestamp":"2026-04-27T15:42:09.408Z","timestampMs":1777304529408,"source":"coinbase","transport":"rest","productId":"BTC-USD","bestBid":77048.33,"bestAsk":77049.82,"bestBidSize":0.20546587,"bestAskSize":0.03918222,"midPrice":77049.07500000001,"spread":1.4900000000052387,"spreadBps":0.193383243083092,"bids":[[77048.33,0.20546587]],"asks":[[77049.82,0.03918222]]}
{"timestamp":"2026-04-27T15:42:10.578Z","timestampMs":1777304530578,"source":"coinbase","transport":"rest","productId":"BTC-USD","bestBid":77048.33,"bestAsk":77049.82,"bestBidSize":0.20546587,"bestAskSize":0.03918222,"midPrice":77049.07500000001,"spread":1.4900000000052387,"spreadBps":0.193383243083092,"bids":[[77048.33,0.20546587]],"asks":[[77049.82,0.03918222]]}
{"timestamp":"2026-04-27T15:42:11.605Z","timestampMs":1777304531605,"source":"coinbase","transport":"rest","productId":"BTC-USD","bestBid":77073.49,"bestAsk":77073.95,"bestBidSize":0.0246,"bestAskSize":0.20546587,"midPrice":77073.72,"spread":0.4599999999918509,"spreadBps":0.05968311896608221,"bids":[[77073.49,0.0246]],"asks":[[77073.95,0.20546587]]}
{"timestamp":"2026-04-27T15:42:12.771Z","timestampMs":1777304532771,"source":"coinbase","transport":"rest","productId":"BTC-USD","bestBid":77073.49,"bestAsk":77073.95,"bestBidSize":0.0246,"bestAskSize":0.20546587,"midPrice":77073.72,"spread":0.4599999999918509,"spreadBps":0.05968311896608221,"bids":[[77073.49,0.0246]],"asks":[[77073.95,0.20546587]]}
{"timestamp":"2026-04-27T15:42:13.796Z","timestampMs":1777304533796,"source":"coinbase","transport":"rest","productId":"BTC-USD","bestBid":77072.36,"bestAsk":77072.37,"bestBidSize":0.02335532,"bestAskSize":0.23941913,"midPrice":77072.36499999999,"spread":0.00999999999476131,"spreadBps":0.0012974819177744594,"bids":[[77072.36,0.02335532]],"asks":[[77072.37,0.23941913]]}
{"timestamp":"2026-04-27T15:42:14.905Z","timestampMs":1777304534905,"source":"coinbase","transport":"rest","productId":"BTC-USD","bestBid":77072.36,"bestAsk":77072.37,"bestBidSize":0.02335532,"bestAskSize":0.23941913,"midPrice":77072.36499999999,"spread":0.00999999999476131,"spreadBps":0.0012974819177744594,"bids":[[77072.36,0.02335532]],"asks":[[77072.37,0.23941913]]}
{"timestamp":"2026-04-27T15:42:15.940Z","timestampMs":1777304535940,"source":"coinbase","transport":"rest","productId":"BTC-USD","bestBid":77067.88,"bestAsk":77067.89,"bestBidSize":0.0100005,"bestAskSize":0.23006587,"midPrice":77067.88500000001,"spread":0.00999999999476131,"spreadBps":0.001297557341136494,"bids":[[77067.88,0.0100005]],"asks":[[77067.89,0.23006587]]}
{"timestamp":"2026-04-27T15:42:17.065Z","timestampMs":1777304537065,"source":"coinbase","transport":"rest","productId":"BTC-USD","bestBid":77067.88,"bestAsk":77067.89,"bestBidSize":0.0100005,"bestAskSize":0.23006587,"midPrice":77067.88500000001,"spread":0.00999999999476131,"spreadBps":0.001297557341136494,"bids":[[77067.88,0.0100005]],"asks":[[77067.89,0.23006587]]}
{"timestamp":"2026-04-27T15:42:18.093Z","timestampMs":1777304538093,"source":"coinbase","transport":"rest","productId":"BTC-USD","bestBid":77067.89,"bestAsk":77067.9,"bestBidSize":0.02829344,"bestAskSize":0.2424234,"midPrice":77067.89499999999,"spread":0.00999999999476131,"spreadBps":0.0012975571727710108,"bids":[[77067.89,0.02829344]],"asks":[[77067.9,0.2424234]]}
{"timestamp":"2026-04-27T15:42:19.266Z","timestampMs":1777304539266,"source":"coinbase","transport":"rest","productId":"BTC-USD","bestBid":77067.89,"bestAsk":77067.9,"bestBidSize":0.02829344,"bestAskSize":0.2424234,"midPrice":77067.89499999999,"spread":0.00999999999476131,"spreadBps":0.0012975571727710108,"bids":[[77067.89,0.02829344]],"asks":[[77067.9,0.2424234]]}
{"timestamp":"2026-04-27T15:42:20.293Z","timestampMs":1777304540293,"source":"coinbase","transport":"rest","productId":"BTC-USD","bestBid":77061.12,"bestAsk":77061.13,"bestBidSize":4.4e-7,"bestAskSize":0.22729219,"midPrice":77061.125,"spread":0.010000000009313226,"spreadBps":0.0012976711680906844,"bids":[[77061.12,4.4e-7]],"asks":[[77061.13,0.22729219]]}
{"timestamp":"2026-04-27T15:42:21.426Z","timestampMs":1777304541426,"source":"coinbase","transport":"rest","productId":"BTC-USD","bestBid":77061.12,"bestAsk":77061.13,"bestBidSize":4.4e-7,"bestAskSize":0.22729219,"midPrice":77061.125,"spread":0.010000000009313226,"spreadBps":0.0012976711680906844,"bids":[[77061.12,4.4e-7]],"asks":[[77061.13,0.22729219]]}
{"timestamp":"2026-04-27T15:42:22.456Z","timestampMs":1777304542456,"source":"coinbase","transport":"rest","productId":"BTC-USD","bestBid":77056.01,"bestAsk":77056.02,"bestBidSize":0.02335927,"bestAskSize":0.2424234,"midPrice":77056.015,"spread":0.010000000009313226,"spreadBps":0.0012977572236655666,"bids":[[77056.01,0.02335927]],"asks":[[77056.02,0.2424234]]}
{"timestamp":"2026-04-27T15:42:23.624Z","timestampMs":1777304543624,"source":"coinbase","transport":"rest","productId":"BTC-USD","bestBid":77056.01,"bestAsk":77056.02,"bestBidSize":0.02335927,"bestAskSize":0.2424234,"midPrice":77056.015,"spread":0.010000000009313226,"spreadBps":0.0012977572236655666,"bids":[[77056.01,0.02335927]],"asks":[[77056.02,0.2424234]]}
{"timestamp":"2026-04-27T15:42:24.648Z","timestampMs":1777304544648,"source":"coinbase","transport":"rest","productId":"BTC-USD","bestBid":77054,"bestAsk":77054.01,"bestBidSize":0.07926705,"bestAskSize":0.1950242,"midPrice":77054.005,"spread":0.00999999999476131,"spreadBps":0.00129779107455366,"bids":[[77054,0.07926705]],"asks":[[77054.01,0.1950242]]}
{"timestamp":"2026-04-27T15:42:25.802Z","timestampMs":1777304545802,"source":"coinbase","transport":"rest","productId":"BTC-USD","bestBid":77054,"bestAsk":77054.01,"bestBidSize":0.07926705,"bestAskSize":0.1950242,"midPrice":77054.005,"spread":0.00999999999476131,"spreadBps":0.00129779107455366,"bids":[[77054,0.07926705]],"asks":[[77054.01,0.1950242]]}
{"timestamp":"2026-04-27T15:42:26.832Z","timestampMs":1777304546832,"source":"coinbase","transport":"rest","productId":"BTC-USD","bestBid":77074.94,"bestAsk":77076.48,"bestBidSize":0.12975,"bestAskSize":0.000015,"midPrice":77075.70999999999,"spread":1.5399999999935972,"spreadBps":0.19980354381342671,"bids":[[77074.94,0.12975]],"asks":[[77076.48,0.000015]]}
{"timestamp":"2026-04-27T15:42:28.003Z","timestampMs":1777304548003,"source":"coinbase","transport":"rest","productId":"BTC-USD","bestBid":77074.94,"bestAsk":77076.48,"bestBidSize":0.12975,"bestAskSize":0.000015,"midPrice":77075.70999999999,"spread":1.5399999999935972,"spreadBps":0.19980354381342671,"bids":[[77074.94,0.12975]],"asks":[[77076.48,0.000015]]}
{"timestamp":"2026-04-27T15:42:29.032Z","timestampMs":1777304549032,"source":"coinbase","transport":"rest","productId":"BTC-USD","bestBid":77064.95,"bestAsk":77064.96,"bestBidSize":0.00559498,"bestAskSize":0.0246,"midPrice":77064.955,"spread":0.010000000009313226,"spreadBps":0.001297606675993417,"bids":[[77064.95,0.00559498]],"asks":[[77064.96,0.0246]]}
{"timestamp":"2026-04-27T15:42:30.156Z","timestampMs":1777304550156,"source":"coinbase","transport":"rest","productId":"BTC-USD","bestBid":77064.95,"bestAsk":77064.96,"bestBidSize":0.00559498,"bestAskSize":0.0246,"midPrice":77064.955,"spread":0.010000000009313226,"spreadBps":0.001297606675993417,"bids":[[77064.95,0.00559498]],"asks":[[77064.96,0.0246]]}
{"timestamp":"2026-04-27T15:42:31.184Z","timestampMs":1777304551184,"source":"coinbase","transport":"rest","productId":"BTC-USD","bestBid":77060.01,"bestAsk":77061.94,"bestBidSize":0.1312,"bestAskSize":0.20546587,"midPrice":77060.975,"spread":1.930000000007567,"spreadBps":0.2504510227138402,"bids":[[77060.01,0.1312]],"asks":[[77061.94,0.20546587]]}
{"timestamp":"2026-04-27T15:42:32.353Z","timestampMs":1777304552353,"source":"coinbase","transport":"rest","productId":"BTC-USD","bestBid":77060.01,"bestAsk":77061.94,"bestBidSize":0.1312,"bestAskSize":0.20546587,"midPrice":77060.975,"spread":1.930000000007567,"spreadBps":0.2504510227138402,"bids":[[77060.01,0.1312]],"asks":[[77061.94,0.20546587]]}
{"timestamp":"2026-04-27T15:42:33.382Z","timestampMs":1777304553382,"source":"coinbase","transport":"rest","productId":"BTC-USD","bestBid":77060.01,"bestAsk":77060.02,"bestBidSize":0.00780935,"bestAskSize":0.03479652,"midPrice":77060.015,"spread":0.010000000009313226,"spreadBps":0.0012976898602100227,"bids":[[77060.01,0.00780935]],"asks":[[77060.02,0.03479652]]}
{"timestamp":"2026-04-27T15:42:34.540Z","timestampMs":1777304554540,"source":"coinbase","transport":"rest","productId":"BTC-USD","bestBid":77060.01,"bestAsk":77060.02,"bestBidSize":0.00780935,"bestAskSize":0.03479652,"midPrice":77060.015,"spread":0.010000000009313226,"spreadBps":0.0012976898602100227,"bids":[[77060.01,0.00780935]],"asks":[[77060.02,0.03479652]]}
{"timestamp":"2026-04-27T15:42:35.572Z","timestampMs":1777304555572,"source":"coinbase","transport":"rest","productId":"BTC-USD","bestBid":77071.93,"bestAsk":77073.83,"bestBidSize":0.03892467,"bestAskSize":0.2412234,"midPrice":77072.88,"spread":1.9000000000087311,"spreadBps":0.2465199172534789,"bids":[[77071.93,0.03892467]],"asks":[[77073.83,0.2412234]]}
{"timestamp":"2026-04-27T15:42:36.729Z","timestampMs":1777304556729,"source":"coinbase","transport":"rest","productId":"BTC-USD","bestBid":77071.93,"bestAsk":77073.83,"bestBidSize":0.03892467,"bestAskSize":0.2412234,"midPrice":77072.88,"spread":1.9000000000087311,"spreadBps":0.2465199172534789,"bids":[[77071.93,0.03892467]],"asks":[[77073.83,0.2412234]]}
{"timestamp":"2026-04-27T15:42:37.756Z","timestampMs":1777304557756,"source":"coinbase","transport":"rest","productId":"BTC-USD","bestBid":77078.92,"bestAsk":77078.93,"bestBidSize":0.23561105,"bestAskSize":0.20289057,"midPrice":77078.92499999999,"spread":0.00999999999476131,"spreadBps":0.0012973714922414022,"bids":[[77078.92,0.23561105]],"asks":[[77078.93,0.20289057]]}
{"timestamp":"2026-04-27T15:42:38.909Z","timestampMs":1777304558909,"source":"coinbase","transport":"rest","productId":"BTC-USD","bestBid":77078.92,"bestAsk":77078.93,"bestBidSize":0.23561105,"bestAskSize":0.20289057,"midPrice":77078.92499999999,"spread":0.00999999999476131,"spreadBps":0.0012973714922414022,"bids":[[77078.92,0.23561105]],"asks":[[77078.93,0.20289057]]}
{"timestamp":"2026-04-27T15:42:39.941Z","timestampMs":1777304559941,"source":"coinbase","transport":"rest","productId":"BTC-USD","bestBid":77088.44,"bestAsk":77089.22,"bestBidSize":0.04964177,"bestAskSize":0.20482365,"midPrice":77088.83,"spread":0.7799999999988358,"spreadBps":0.10118197409389088,"bids":[[77088.44,0.04964177]],"asks":[[77089.22,0.20482365]]}
{"timestamp":"2026-04-27T15:42:41.115Z","timestampMs":1777304561115,"source":"coinbase","transport":"rest","productId":"BTC-USD","bestBid":77088.44,"bestAsk":77089.22,"bestBidSize":0.04964177,"bestAskSize":0.20482365,"midPrice":77088.83,"spread":0.7799999999988358,"spreadBps":0.10118197409389088,"bids":[[77088.44,0.04964177]],"asks":[[77089.22,0.20482365]]}
{"timestamp":"2026-04-27T15:42:42.151Z","timestampMs":1777304562151,"source":"coinbase","transport":"rest","productId":"BTC-USD","bestBid":77090.11,"bestAsk":77090.12,"bestBidSize":0.0389152,"bestAskSize":0.20546587,"midPrice":77090.11499999999,"spread":0.00999999999476131,"spreadBps":0.0012971831725457033,"bids":[[77090.11,0.0389152]],"asks":[[77090.12,0.20546587]]}
{"timestamp":"2026-04-27T15:42:43.313Z","timestampMs":1777304563313,"source":"coinbase","transport":"rest","productId":"BTC-USD","bestBid":77090.11,"bestAsk":77090.12,"bestBidSize":0.0389152,"bestAskSize":0.20546587,"midPrice":77090.11499999999,"spread":0.00999999999476131,"spreadBps":0.0012971831725457033,"bids":[[77090.11,0.0389152]],"asks":[[77090.12,0.20546587]]}
{"timestamp":"2026-04-27T15:42:44.335Z","timestampMs":1777304564335,"source":"coinbase","transport":"rest","productId":"BTC-USD","bestBid":77082.15,"bestAsk":77082.16,"bestBidSize":0.9664024,"bestAskSize":0.1980119,"midPrice":77082.155,"spread":0.010000000009313226,"spreadBps":0.001297317129926275,"bids":[[77082.15,0.9664024]],"asks":[[77082.16,0.1980119]]}
{"timestamp":"2026-04-27T15:42:45.501Z","timestampMs":1777304565501,"source":"coinbase","transport":"rest","productId":"BTC-USD","bestBid":77082.15,"bestAsk":77082.16,"bestBidSize":0.9664024,"bestAskSize":0.1980119,"midPrice":77082.155,"spread":0.010000000009313226,"spreadBps":0.001297317129926275,"bids":[[77082.15,0.9664024]],"asks":[[77082.16,0.1980119]]}
{"timestamp":"2026-04-27T15:42:46.531Z","timestampMs":1777304566531,"source":"coinbase","transport":"rest","productId":"BTC-USD","bestBid":77088.01,"bestAsk":77088.02,"bestBidSize":0.76919422,"bestAskSize":0.39564065,"midPrice":77088.015,"spread":0.010000000009313226,"spreadBps":0.0012972185117638877,"bids":[[77088.01,0.76919422]],"asks":[[77088.02,0.39564065]]}
{"timestamp":"2026-04-27T15:42:47.670Z","timestampMs":1777304567670,"source":"coinbase","transport":"rest","productId":"BTC-USD","bestBid":77088.01,"bestAsk":77088.02,"bestBidSize":0.76919422,"bestAskSize":0.39564065,"midPrice":77088.015,"spread":0.010000000009313226,"spreadBps":0.0012972185117638877,"bids":[[77088.01,0.76919422]],"asks":[[77088.02,0.39564065]]}
{"timestamp":"2026-04-27T15:42:48.703Z","timestampMs":1777304568703,"source":"coinbase","transport":"rest","productId":"BTC-USD","bestBid":77084,"bestAsk":77085.72,"bestBidSize":0.0399,"bestAskSize":0.02472973,"midPrice":77084.86,"spread":1.7200000000011642,"spreadBps":0.22313071594099854,"bids":[[77084,0.0399]],"asks":[[77085.72,0.02472973]]}
{"timestamp":"2026-04-27T15:42:49.866Z","timestampMs":1777304569866,"source":"coinbase","transport":"rest","productId":"BTC-USD","bestBid":77084,"bestAsk":77085.72,"bestBidSize":0.0399,"bestAskSize":0.02472973,"midPrice":77084.86,"spread":1.7200000000011642,"spreadBps":0.22313071594099854,"bids":[[77084,0.0399]],"asks":[[77085.72,0.02472973]]}
{"timestamp":"2026-04-27T15:42:50.892Z","timestampMs":1777304570892,"source":"coinbase","transport":"rest","productId":"BTC-USD","bestBid":77075.3,"bestAsk":77075.31,"bestBidSize":0.00551112,"bestAskSize":0.20579023,"midPrice":77075.305,"spread":0.00999999999476131,"spreadBps":0.0012974324259581343,"bids":[[77075.3,0.00551112]],"asks":[[77075.31,0.20579023]]}
{"timestamp":"2026-04-27T15:42:52.063Z","timestampMs":1777304572063,"source":"coinbase","transport":"rest","productId":"BTC-USD","bestBid":77075.3,"bestAsk":77075.31,"bestBidSize":0.00551112,"bestAskSize":0.20579023,"midPrice":77075.305,"spread":0.00999999999476131,"spreadBps":0.0012974324259581343,"bids":[[77075.3,0.00551112]],"asks":[[77075.31,0.20579023]]}
{"timestamp":"2026-04-27T15:42:53.087Z","timestampMs":1777304573087,"source":"coinbase","transport":"rest","productId":"BTC-USD","bestBid":77068.11,"bestAsk":77068.12,"bestBidSize":0.01042387,"bestAskSize":0.24334779,"midPrice":77068.11499999999,"spread":0.00999999999476131,"spreadBps":0.0012975534687414258,"bids":[[77068.11,0.01042387]],"asks":[[77068.12,0.24334779]]}
{"timestamp":"2026-04-27T15:42:54.253Z","timestampMs":1777304574253,"source":"coinbase","transport":"rest","productId":"BTC-USD","bestBid":77068.11,"bestAsk":77068.12,"bestBidSize":0.01042387,"bestAskSize":0.24334779,"midPrice":77068.11499999999,"spread":0.00999999999476131,"spreadBps":0.0012975534687414258,"bids":[[77068.11,0.01042387]],"asks":[[77068.12,0.24334779]]}
{"timestamp":"2026-04-27T15:42:55.287Z","timestampMs":1777304575287,"source":"coinbase","transport":"rest","productId":"BTC-USD","bestBid":77068.11,"bestAsk":77068.68,"bestBidSize":5e-8,"bestAskSize":0.0211893,"midPrice":77068.39499999999,"spread":0.569999999992433,"spreadBps":0.07396027904725835,"bids":[[77068.11,5e-8]],"asks":[[77068.68,0.0211893]]}
{"timestamp":"2026-04-27T15:42:56.428Z","timestampMs":1777304576428,"source":"coinbase","transport":"rest","productId":"BTC-USD","bestBid":77068.11,"bestAsk":77068.68,"bestBidSize":5e-8,"bestAskSize":0.0211893,"midPrice":77068.39499999999,"spread":0.569999999992433,"spreadBps":0.07396027904725835,"bids":[[77068.11,5e-8]],"asks":[[77068.68,0.0211893]]}
{"timestamp":"2026-04-27T15:42:57.453Z","timestampMs":1777304577453,"source":"coinbase","transport":"rest","productId":"BTC-USD","bestBid":77065.34,"bestAsk":77065.35,"bestBidSize":0.03892795,"bestAskSize":0.2430234,"midPrice":77065.345,"spread":0.010000000009313226,"spreadBps":0.0012976001092726214,"bids":[[77065.34,0.03892795]],"asks":[[77065.35,0.2430234]]}
{"timestamp":"2026-04-27T15:42:58.621Z","timestampMs":1777304578621,"source":"coinbase","transport":"rest","productId":"BTC-USD","bestBid":77065.34,"bestAsk":77065.35,"bestBidSize":0.03892795,"bestAskSize":0.2430234,"midPrice":77065.345,"spread":0.010000000009313226,"spreadBps":0.0012976001092726214,"bids":[[77065.34,0.03892795]],"asks":[[77065.35,0.2430234]]}
{"timestamp":"2026-04-27T15:42:59.653Z","timestampMs":1777304579653,"source":"coinbase","transport":"rest","productId":"BTC-USD","bestBid":77046.36,"bestAsk":77049.75,"bestBidSize":0.00022696,"bestAskSize":0.20546587,"midPrice":77048.055,"spread":3.389999999999418,"spreadBps":0.43998514952770945,"bids":[[77046.36,0.00022696]],"asks":[[77049.75,0.20546587]]}
{"timestamp":"2026-04-27T15:43:00.823Z","timestampMs":1777304580823,"source":"coinbase","transport":"rest","productId":"BTC-USD","bestBid":77046.36,"bestAsk":77049.75,"bestBidSize":0.00022696,"bestAskSize":0.20546587,"midPrice":77048.055,"spread":3.389999999999418,"spreadBps":0.43998514952770945,"bids":[[77046.36,0.00022696]],"asks":[[77049.75,0.20546587]]}
{"timestamp":"2026-04-27T15:43:01.848Z","timestampMs":1777304581848,"source":"coinbase","transport":"rest","productId":"BTC-USD","bestBid":77040.63,"bestAsk":77040.64,"bestBidSize":0.04674049,"bestAskSize":0.03708203,"midPrice":77040.63500000001,"spread":0.00999999999476131,"spreadBps":0.0012980162994193011,"bids":[[77040.63,0.04674049]],"asks":[[77040.64,0.03708203]]}
{"timestamp":"2026-04-27T15:43:03.005Z","timestampMs":1777304583005,"source":"coinbase","transport":"rest","productId":"BTC-USD","bestBid":77040.63,"bestAsk":77040.64,"bestBidSize":0.04674049,"bestAskSize":0.03708203,"midPrice":77040.63500000001,"spread":0.00999999999476131,"spreadBps":0.0012980162994193011,"bids":[[77040.63,0.04674049]],"asks":[[77040.64,0.03708203]]}
{"timestamp":"2026-04-27T15:43:04.031Z","timestampMs":1777304584031,"source":"coinbase","transport":"rest","productId":"BTC-USD","bestBid":77022.72,"bestAsk":77025.33,"bestBidSize":0.000015,"bestAskSize":0.0354893,"midPrice":77024.025,"spread":2.610000000000582,"spreadBps":0.33885531170314487,"bids":[[77022.72,0.000015]],"asks":[[77025.33,0.0354893]]}
{"timestamp":"2026-04-27T15:43:05.156Z","timestampMs":1777304585156,"source":"coinbase","transport":"rest","productId":"BTC-USD","bestBid":77022.72,"bestAsk":77025.33,"bestBidSize":0.000015,"bestAskSize":0.0354893,"midPrice":77024.025,"spread":2.610000000000582,"spreadBps":0.33885531170314487,"bids":[[77022.72,0.000015]],"asks":[[77025.33,0.0354893]]}
{"timestamp":"2026-04-27T15:43:06.192Z","timestampMs":1777304586192,"source":"coinbase","transport":"rest","productId":"BTC-USD","bestBid":77026.89,"bestAsk":77026.9,"bestBidSize":7.3e-7,"bestAskSize":0.2425234,"midPrice":77026.89499999999,"spread":0.00999999999476131,"spreadBps":0.0012982478385973252,"bids":[[77026.89,7.3e-7]],"asks":[[77026.9,0.2425234]]}
{"timestamp":"2026-04-27T15:43:07.346Z","timestampMs":1777304587346,"source":"coinbase","transport":"rest","productId":"BTC-USD","bestBid":77026.89,"bestAsk":77026.9,"bestBidSize":7.3e-7,"bestAskSize":0.2425234,"midPrice":77026.89499999999,"spread":0.00999999999476131,"spreadBps":0.0012982478385973252,"bids":[[77026.89,7.3e-7]],"asks":[[77026.9,0.2425234]]}
